2678 4808
158 412 200 457 ιο
328 388 554 455 VALERII
588 387 793 455 ΜΑΧΙΜΙ
822 390 918 456 LlB.
948 389 1040 458 VII.

99 568 103 573 -
141 523 320 614 pervenire
333 517 483 607 dicebat,
503 522 565 613 qui
580 517 620 588 id
637 535 796 612 agerent,
817 535 857 587 ut
874 522 995 613 quales
1016 522 1129 592 videri
1147 528 1218 595 vel-

146 627 235 710 lent,
255 618 345 693 tales
362 622 466 693 etiam
484 636 614 693 essent:
631 649 696 718 qua
716 624 848 718 quidem
866 625 1100 719 praedicatione
1121 653 1217 724 aper·

146 745 179 799 te
192 731 364 819 mouebat,
378 745 416 799 ut
430 731 581 799 homines
596 732 701 824 ipsam
718 733 827 824 potius
841 733 1000 801 virtutem
1016 734 1217 826 haurirent¹,

146 861 246 930 quam
260 837 413 905 umbram
428 837 499 930 ejus
512 850 791 906 consectarentur.
804 836 897 906 Idem
912 838 955 908 ab
969 837 1216 912 adolescentulo

145 943 290 1037 quodam
312 941 499 1030 consultus,
519 940 835 1011 «utrun1²uxorem
854 943 1010 1033 duceret,
1028 970 1072 1014 an
1089 971 1125 1016 se
1139 974 1214 1019 om·

146 1049 180 1116 ui
192 1049 404 1118 matrimonio
418 1049 614 1133 abstineret3
629 1079 646 1113 n
668 1049 853 1143 respondit,
870 1079 887 1114 r
906 1065 1019 1120 utrum
1034 1077 1151 1123 eorum
1168 1055 1215 1125 fe·

145 1148 256 1242 sisset,
270 1169 422 1225 actumm
436 1157 673 1250 poenitentiam.
691 1141 770 1225 Hic³
789 1170 837 1242 te,
851 1157 973 1250 inquit,
987 1157 1146 1249 solitudo,
1161 1160 1214 1231 hic

39 1344 43 1350 .
144 1262 288 1349 orbitas,
308 1261 364 1331 hic
381 1264 511 1356 generis
531 1264 699 1350 interitus,
718 1263 775 1330 hic
792 1261 889 1333 heres
905 1262 1031 1334 alienus
1052 1268 1213 1361 excipiet:

142 1365 208 1436 illie
222 1382 382 1462 perpetua
401 1367 604 1456 sollicitudo,
620 1382 794 1438 contextus
809 1367 1041 1462 querelarum,
1057 1372 1145 1442 dotis
1159 1398 1213 1443 ex·

143 1474 338 1566 probratio,
364 1475 514 1547 affinium
536 1461 662 1569 grave‘l
689 1475 923 1569 supercilium,
944 1475 1077 1570 garrula
1102 1502 1214 1549 socrus

143 1577 276 1674 lingua,
299 1581 471 1651 subsessor
494 1581 591 1651 alieni
618 1582 841 1668 matrimonii,
865 1583 1013 1652 incertus
1034 1581 1213 1657 libonotum

142 1701 316 1756 eventus.»
331 1690 411 1757 Non
422 1713 538 1782 passus
549 1703 599 1757 est
610 1687 769 1779 juvenem
781 1686 815 1756 in
827 1702 986 1758 contextu
1000 1713 1113 1761 rerum
1125 1715 1214 1786 aspe·

140 1815 272 1880 rarum,
292 1797 383 1887 quasi
403 1793 486 1864 laetae
504 1795 651 1862 materiae
671 1793 780 1862 facere
798 1792 973 1864 delectum.

191 1923 302 2011 Idem,
324 1949 429 2017 quum
448 1925 699 1991 Atheniensium
717 1924 877 1993 scelerata
898 1925 1065 1994 dementia
1084 1928 1211 1997 tristem

138 2029 180 2097 de
195 2031 302 2124 capite
314 2031 395 2124 'ejus
414 2031 610 2098 sententiam
631 2027 775 2115 tulisset,
793 2030 936 2124 fortique
954 2032 1067 2099 animo
1082 2046 1119 2101 et
1138 2056 1213 2102 oon·

137 2137 237 2204 stanti
249 2135 344 2204 vultu
360 2138 530 2230 potionem
542 2136 662 2203 veneni
676 2160 695 2202 e
712 2121 832 2202 manu⁵
853 2135 1017 2206 carnificis
1031 2139 1212 2232 accepisset

138 2241 273 2311 admoto
288 2243 357 2336 jam
377 2242 476 2310 labris
498 2240 637 2336 poculo,
651 2243 747 2308 uxori
765 2242 968 2338 Xanthippae
989 2244 1075 2312 inter
1095 2243 1211 2314 fletum

179 2462 203 2498 1.
218 2444 361 2498 Haurinut.
375 2445 451 2498 Hanc
464 2463 557 2497 vocem
569 2441 646 2513 Pigh.
692 2442 736 2506 II,
749 2461 773 2508 1,
784 2442 809 2496 5.
823 2443 952 2497 «Subsedit
960 2444 1082 2506 adtdten»
1096 2445 1210 2517 aitVirg.

135 2538 307 2595 expunxerat,
327 2526 407 2578 Male.
428 2526 536 2578 Haurire
552 2523 648 2592 saepius
692 2555 731 2564 -
748 2523 837 2574 Incerti
851 2524 976 2575 liberorum
992 2536 1095 2576 emonis.
1112 2525 1211 2579 Nonne

134 2603 230 2657 Noster
239 2603 272 2657 de
284 2606 373 2656 animo
382 2602 647 2676 usurpat.Vid.VIII,
687 2609 839 2671 proventus?
850 2622 928 2674 quam
939 2622 1032 2655 vocem
1046 2616 1117 2656 amat
1129 2602 1209 2656 Vale·

136 2702 170 2752 7,
186 2696 239 2736 ext.
258 2703 287 2749 13
303 2685 330 2749 I,
344 2704 371 2754 7,
387 2697 439 2738 ext.
459 2704 483 2737 1.
690 2681 759 2733 rius:
771 2682 833 2735 vide
844 2684 1022 2754 supraVI‚9‚
1035 2683 1060 2736 5.
1072 2682 1209 2736 DeSocn·

175 2783 200 2817 a.
218 2762 312 2816 Utrum.
333 2765 443 2835 Pighius
464 2762 584 2828 induxit,
601 2761 647 2814 sed
691 2764 722 2811 tis
745 2775 818 2814 morte
837 2764 894 2833 lege
913 2763 1065 2826 Laertium,
1091 2763 1209 2817 Platonis

133 2842 355 2896 hieretinendum
363 2865 417 2897 esse
425 2844 584 2898 docentfere
593 2861 649 2893 om·
691 2840 1211 2914 Phaed.etMendelssohniilibrumprte-

132 2941 178 2974 nes
197 2923 275 2976 MSS.
292 2936 318 2976 et
337 2925 373 2978 sic
389 2944 458 2996 saepe
474 2922 646 2976 Noster.Vid.
691 2921 888 2974 stantissimum.
900 2922 934 2973 Et
943 2922 971 2972 in
983 2921 1209 2997 hocvenerandus

132 3003 275 3063 inlraVII,
292 3023 317 3065 a,
332 3017 384 3058 ext.
405 3026 429 3057 r.
444 3038 479 3047 -
499 3005 583 3056 Omni·
600 3003 646 3054 Al·
690 2999 821 3064 Socrates,
840 2999 929 3071 quod,
947 3020 1030 3072 quum
1051 3000 1132 3053 XXX
1153 3001 1212 3055 dies

132 3080 182 3134 dus
198 3082 283 3135 edidit
296 3089 405 3149 omnino,
419 3083 493 3155 quod
500 3082 646 3134 Torrenius
690 3079 806 3132 inclusus
818 3093 885 3132 esset
895 3082 1010 3145 carceri,
1020 3093 1116 3151 sponte
1129 3080 1211 3135 linire

137 3181 192 3214 non
206 3163 349 3230 improbat.
689 3160 771 3211 vitam
787 3159 885 3224 noluit,
906 3159 950 3212 sed
974 3161 1126 3230 αὐτοχειρίαν
1144 3161 1209 3213 aho-

176 3242 202 3293 3.
217 3243 268 3294 Hic
331 3241 495 3307 illir.Vid.V,
506 3262 531 3306 1,
545 3260 566 3294 1.
577 3240 646 3293 Male
690 3239 821 3301 minatus,
833 3238 945 3308 patienti
956 3251 983 3291 et
994 3239 1210 3293 constantissimo

133 3323 259 3392 perpauci
272 3321 349 3374 MSS.
367 3324 422 3374 hinc
516 3322 590 3372 illinc.
607 3354 647 3361 -
690 3319 796 3382 auimo,
808 3317 872 3372 dum
888 3331 995 3371 vocaret
1007 3320 1149 3372 hominum
1159 3339 1209 3390 pa·

134 3402 223 3472 Inquit.
241 3401 331 3454 Simile
347 3401 413 3475 quid
428 3402 559 3473 Diogenes
579 3399 647 3453 dixit
690 3410 746 3463 ter,
760 3399 927 3469 exspectavit.
941 3397 1006 3452 vid.
1019 3399 1075 3451 Cic.
1088 3400 1170 3452 Tusc.
1184 3400 1208 3454 1.

133 3499 182 3550 per
195 3478 320 3533 dilemma
333 3500 340 3533 ε
358 3509 369 3530 ι
381 3483 403 3536 si
415 3482 555 3554 pulchram
568 3479 648 3533 dure·
690 3479 756 3542 Quae
769 3481 851 3532 verba
864 3479 909 3531 hic
919 3479 1044 3532 Valerius
1058 3479 1211 3550 Xantlu'ppae

132 3560 361 3627 ris,c0mmunem
371 3563 496 3626 habebis;
508 3561 645 3614 sinautem
689 3557 778 3624 addit,
791 3559 943 3629 Apollodoro
956 3559 1002 3612 alii
1014 3557 1178 3612 adscribunt.

133 3652 255 3710 turpem,
269 3659 383 3710 poenam.
396 3669 406 3689 s
732 3638 756 3691 5.
767 3641 793 3692 E
802 3658 882 3691 manu.
894 3639 988 3709 Copes.
999 3651 1112 3709 uterque
1121 3637 1208 3692 Meid.

175 3725 200 3781 4.
213 3719 305 3773 Grave.
318 3722 472 3774 Putantium
484 3734 509 3774 te
521 3721 567 3773 tali
580 3740 645 3772 uxo·
689 3717 764 3771 Leid.
779 3721 861 3790 prim.
875 3719 975 3771 hahent
988 3719 1019 3770 de
1030 3737 1116 3780 mauis,
1132 3718 1210 3788 quod

131 3817 161 3851 re
171 3798 320 3870 indignum.
329 3834 369 3844 —
376 3802 470 3854 Sonus.
478 3799 559 3866 Quod
567 3801 645 3854 etiam
689 3797 934 3870 nonspernendum
945 3799 1077 3852 Torrenio
1089 3795 1210 3853 videtur.

130 3881 281 3937 iuvenalis,
296 3881 342 3934 sed
353 3882 435 3948 male,
448 3883 535 3934 innuit
548 3900 554 3933 :
689 3877 756 3932 Satis
763 3880 834 3931 enim
840 3891 935 3931 notum
943 3893 981 3931 est
989 3877 1209 3950 praepositionem

159 3961 282 4012 Desperanda
293 3962 329 4000 tihi
341 3963 392 4001 salva
400 3961 502 4000 eoncordia
511 3975 572 3999 socru.
690 3959 719 4009 de
729 3977 798 4029 soepe
811 3978 861 4029 pro
872 3960 937 4011 evei
947 3979 976 4011 ex
987 3959 1060 4031 poni.
1070 3954 1135 4009 Vld·
1148 3958 1210 4013 Cic.

132 4074 170 4085 —-
181 4041 315 4096 Subsessor.
327 4041 478 4096 Insidiator.
493 4040 557 4096 Vid.
572 4061 643 4113 supr.
691 4038 723 4089 ad
739 4040 878 4103 samVII,
895 4039 920 4092 5.
