2678 4808
216 356 324 423 CAP.
354 355 408 441 ΙΙ,
436 356 505 423 DE
533 355 634 422 SAP.
664 355 803 423 DICT.
832 355 935 423 AUT
963 356 1099 425 FACT.
1144 380 1199 426 >11

136 502 167 556 et
181 487 454 559 lamentationem
468 484 666 556 vociferanti
681 487 893 556 innocentem
902 512 979 557 eum
990 489 1176 581 periturum
1187 488 1208 576 '3

137 594 234 683 Quid
254 618 355 687 ergo,
376 594 500 686 inquit,
523 596 663 661 nocenti
678 591 762 661 milri
776 599 866 662 mori
881 599 992 663 saluts
1013 618 1087 664 esse
1102 595 1208 666 drai-

132 703 183 768 sti
188 700 208 769 Ρ
221 701 423 771 Immensum
439 697 528 769 illam
548 699 760 792 sapientiam,
776 724 850 792 quae
868 724 910 767 ne
928 701 962 768 in
982 701 1055 794 ipso
1073 701 1206 794 quidem

133 807 211 876 vitae
230 830 366 879 excessu
388 802 536 875 oblivisci
556 807 606 873 sui
625 799 754 899 potuit!

190 955 225 998 a.
244 931 317 1023 Age
329 952 429 1023 quam
448 928 631 1022 prudenter
650 925 784 1015 Solon’,
799 934 981 1015 nemmem,
998 929 1078 998 mam
1094 929 1208 1001 adium

134 1039 279 1120 orbaret,
304 1035 441 1104 beatum
458 1035 529 1104 diei
546 1034 686 1120 debere,
711 1034 955 1119 arbitrabatur3
973 1035 1072 1129 quod
1081 1036 1136 1106 ad
1150 1039 1209 1106 ut-

136 1146 254 1210 timum
276 1165 383 1235 usque
393 1142 479 1233 fati
501 1141 590 1210 diem
612 1146 759 1236 ancqritr'
763 1141 928 1231 fortuna
948 1140 1095 1233 subsecti
1112 1166 1206 1213 esse-

135 1272 219 1316 mos.
236 1246 414 1317 Felicitatis
431 1247 532 1343 igitur
547 1248 701 1316 humanae
724 1246 978 1377 appellationem
999 1273 1100 1343 rogus
1120 1273 1206 1318 eon·

136 1367 295 1441 summat,
308 1356 365 1448 qui
380 1379 414 1445 se
428 1355 574 1423 incursui
592 1352 756 1423 malorum
794 1355 915 1446 objicit.
932 1354 1027 1423 Idem
1045 1380 1148 1448 quum
1164 1380 1205 1424 ex

135 1462 249 1530 amicis
271 1459 448 1554 quemdam
474 1462 618 1554 graviter
644 1475 838 1529 moerentem
862 1460 1011 1548 videret,
1032 1462 1067 1528 in
1093 1485 1205 1531 aroem

135 1565 304 1661 pertinxit,
320 1566 537 1661 hortatusque
551 1580 618 1654 est,
629 1582 670 1635 ut
670 1591 741 1663 per
753 1590 870 1636 omnes
878 1567 1106 1658 subjectorum
1120 1567 1205 1638 aedi·

124 1674 289 1761 fictorum
297 1689 423 1767 partes
437 1675 555 1745 oculos
568 1675 822 1765 circumferrem
835 1673 926 1767 quod
941 1687 979 1742 ut
993 1673 1119 1743 factum
1134 1675 1205 1744 ani·

136 1780 334 1866 madvertit‚
356 1781 509 1874 «Cogita
528 1805 618 1849 nunc
636 1794 766 1868 tecum,
783 1780 905 1874 inquit,
922 1803 1024 1873 quam
1041 1778 1137 1853 multi
1155 1779 1204 1848 lu·

136 1901 206 1956 ctus
229 1885 292 1955 sub
314 1886 365 1955 his
387 1888 481 1957 tectis
498 1902 533 1955 et
553 1885 632 1955 olim
657 1886 799 1974 fuerint,
819 1885 983 1980 hodieque
1004 1900 1204 1973 versentur,

136 1993 448 2087 insequentibusque
468 1992 585 2063 seculis
606 1995 672 2062 sint
690 1993 892 2062 habitaturi:
909 2016 949 2062 ac
967 1995 1062 2062 mitte
1077 2006 1201 2061 morta·

137 2096 214 2166 lium
233 2099 446 2169 incommoda
465 2113 634 2193 tamquam
657 2100 792 2193 propria
811 2099 966 2168 deflere.»
987 2100 1065 2187 Qua
1086 2124 1204 2169 conso-

137 2202 257 2275 latione
271 2204 527 2293 demonstravit,
538 2207 638 2277 urbes
651 2231 721 2277 esse
734 2206 957 2275 humanarum
972 2205 1115 2274 cladium
1130 2231 1205 2274 con·

137 2326 226 2405 septa
248 2312 445 2381 miseranda.
461 2312 555 2381 ldem
571 2312 693 2400 aiebat,
712 2313 824 2381 «siin
837 2337 941 2381 unum
961 2309 1072 2382 locum
1092 2313 1205 2382 cuncti

138 2417 220 2486 mala
239 2441 300 2486 sua
313 2417 546 2504 contulissent,
566 2419 734 2502 futurum,
747 2432 785 2486 ut
799 2420 934 2513 propria
947 2418 1127 2514 deportare
1144 2419 1204 2489 do·

138 2548 245 2611 mum,
266 2548 366 2617 quam
384 2549 425 2594 ex
443 2511 631 2594 communil
650 2526 856 2594 miseriarum
875 2549 995 2594 acervo
1016 2527 1203 2620 portionem

138 2653 226 2698 suam
249 2629 336 2698 ferre
354 2630 498 2699 mallent.
515 2660 532 2695 s
555 2632 634 2718 Quo
651 2629 845 2724 colligebat,
864 2657 932 2700 non
951 2647 1107 2726 oportere
1126 2658 1203 2721 nos,

136 2761 205 2828 quae
222 2720 381 2804 fortuito⁵
404 2738 588 2831 patiamur,
609 2738 783 2832 praecipuae
803 2751 836 2806 et
856 2738 1072 2808 intolerabilis
1090 2741 1204 2808 amari-

135 2843 254 2911 tudinis
270 2842 429 2936 judicare.

187 2963 221 3034 3.
236 2949 332 3037 Bias⁶
349 2979 478 3051 autem,
494 2989 597 3058 quum
619 2966 758 3059 patriam
774 2964 845 3057 ejus
866 2966 1019 3034 Prienem
1033 2966 1146 3034 hostes
1159 2965 1205 3032 in·

135 3073 319 3156 vasissent,
338 3072 516 3155 omnibus,
540 3095 623 3164 quos
647 3070 748 3139 modo
774 3071 898 3138 saevitia
919 3069 996 3138 belli
1022 3069 1204 3140 incolumes

135 3178 225 3251 abire
239 3201 334 3271 passa
355 3176 477 3264 fuerat,
492 3178 710 3272 pretiosarum
727 3202 838 3245 rerum
851 3176 999 3271 pondere
1016 3177 1143 3272 onustis
1156 3176 1204 3245 fu·

90 3427 93 3431 .
175 3395 198 3429 1.
214 3376 576 3431 Pemrweltauonentus
588 3374 645 3428 edi·
689 3376 738 3438 cit,
759 3389 789 3428 ut
807 3375 875 3428 male
897 3394 952 3427 non
971 3375 1086 3446 amplius
1100 3373 1135 3429 ad
1153 3394 1202 3431 uos

132 3454 646 3526 ditauotoritatequatuordeoimMSS.;
688 3468 827 3527 penetrare
840 3467 947 3526 queant.

131 3536 221 3594 ceteri
232 3533 439 3594 ediderunteum
447 3539 544 3606 perimi.
729 3541 755 3598 4.
775 3535 909 3590 Communi.
930 3535 1041 3605 Aliquot
1059 3533 1201 3591 ediderunt

173 3637 200 3674 a.
222 3613 645 3669 Solon.Vid.Plut.iuvita.-
689 3618 762 3668 omni.

130 3697 266 3752 Narium.
276 3695 371 3766 Copes.
383 3698 427 3768 qui
435 3697 562 3757 nemnem,
572 3692 646 3765 quod
731 3694 756 3749 5.
770 3695 892 3748 Fortuita.
900 3694 1008 3766 lipsius
1023 3695 1141 3750 mavult:
1152 3698 1216 3747 ror-¹

129 3775 290 3831 Perizonius
307 3775 391 3829 malit.
411 3774 464 3832 sed
488 3774 533 3829 alii
554 3793 646 3829 omnes
690 3778 741 3827 tito.

129 3857 262 3911 omittunt
272 3874 366 3909 vocem
376 3857 426 3926 qui.
729 3858 757 3908 6.
770 3852 902 3907 Beevtd.
914 3855 971 3909 Cic.
984 3854 1096 3920 Parad.;
1109 3854 1199 3908 Senec.

173 3939 200 3991 3.
223 3936 356 3991 Malorum.
376 3935 496 4006 Nempe,
516 3953 588 3988 mors
606 3937 644 3985 ia·
688 3931 721 3986 de
729 3933 828 4004 Tranq.
841 3934 887 3999 11,
901 3934 928 4003 5,
937 3955 979 4008 ep.
993 3955 1020 4005 9.
1032 3935 1084 3988 Alii
1099 3934 1202 3988 Pittaco

127 4020 212 4070 σιωπαί
227 4017 344 4069 malorum
356 4037 381 4068 se
390 4015 485 4086 objicit,
497 4013 526 4069 id
540 4027 592 4081 est,
605 4014 643 4068 la·
688 4014 739 4069 hoc
753 4014 883 4070 tribuunt.
