2678 4808
184 374 233 454 ab
348 369 571 436 VALERII
604 369 814 436 ΜΑΧΙΜΙ
847 370 943 437 LlB.
978 370 1068 438 VII.

181 503 387 589 subornatis,
407 500 563 570 vehicula
592 501 864 594 remprebendit‚
892 503 1034 596 hospitia
1052 506 1247 624 occupavit,

181 607 299 678 obvios
318 608 504 693 submovit3
524 631 564 677 ac
583 621 652 676 tam
672 606 789 683 audaci
812 611 1026 703 usurpatione
1048 611 1193 704 imperii,
1212 613 1246 678 in

180 718 326 791 maxima
347 714 420 785 luce
438 715 648 785 densissimas
667 702 840 784 hostilibus
860 713 964 784 oculis
987 716 1140 785 tenebras
1153 717 1246 785 offu-

180 819 238 889 dit.
254 821 346 889 Idem
363 834 401 890 ut
419 818 588 895 Puteolos
605 823 718 906 venit,
739 820 875 915 perinde
897 845 937 890 ac
958 820 1127 916 publicum
1151 825 1245 890 mini·

178 928 316 997 sterium
330 951 447 1022 agens,
467 951 598 996 summa
619 952 695 997 curn
716 926 848 996 lieentia
868 929 1040 1021 correptis
1049 929 1220 997 navibus
1211 954 1245 996 m

179 1033 340 1122 Siciliam,
354 1035 574 1103 certissimum
587 1048 668 1103 tunc
686 1035 947 1129 proscriptorum
962 1034 1151 1177 profugium
1164 1088 1174 1123 ‚
1187 1059 1246 1130 pe·

180 1142 333 1208 netrarit.

239 1270 293 1315 10.
314 1247 374 1314 His
388 1271 456 1314 uno
471 1245 600 1339 adjecto
614 1244 746 1314 levioris
764 1259 852 1312 notae
866 1245 1032 1338 exemplo,
1053 1246 1095 1314 ad
1110 1261 1245 1316 externa

179 1349 384 1420 conuertar²⁸
401 1353 655 1423 Amantissimus
673 1351 807 1444 quidam
822 1350 899 1436 filii,
919 1377 1021 1445 quum
1034 1376 1110 1420 eum
1128 1354 1244 1421 incon·

179 1460 335 1526 cessisse
359 1443 570 1550 periculosis³
590 1457 717 1529 facibus
735 1481 933 1544 accensum,
953 1458 1025 1525 ab
1016 1483 1129 1527 insana
1148 1460 1244 1552 cupi-

178 1563 280 1632 ditate
289 1564 439 1632 inhibere
450 1562 560 1647 vellet
572 1562 695 1632 salubri
704 1562 842 1633 consilio
853 1578 993 1658 patriam
1005 1564 1244 1659 indulgentiam

177 1671 390 1765 temperantia
404 1671 497 1764 petiit
509 1673 616 1755 enim,
630 1685 668 1738 ut
686 1671 778 1764 prius
792 1695 890 1764 quarn
907 1670 949 1738 ad
961 1695 1050 1756 eam,
1063 1697 1162 1765 quam
1173 1670 1244 1739 dili·

103 1768 108 1781 *
178 1777 294 1868 gebat,
305 1777 369 1844 iret
375 1775 877 1913 ‚vulgariacpermiss'aVenepe
890 1791 1047 1846 uteretur
1061 1778 1246 1871 Cujuspre·

160 1883 269 1951 ,cibus
281 1883 458 1952 obsecutus
470 1881 677 1969 adolescens
690 1868 847 1952 infelicisl
858 1885 956 1951 animi
971 1885 1132 1977 impeturn
1150 1885 1245 1952 satie·
1299 1896 1302 1901 '

176 2001 245 2058 tate
255 1989 455 2058 concubitus
468 1987 598 2057 licentis
610 1936 806 2072 resdlutum,
816 1988 859 2056 ad
868 1990 901 2058 id
907 1990 1019 2082 ,quod
1033 2015 1101 2057 non
1115 1988 1246 2077 licebat,

175 2095 356 2166 tardiorem
371 2097 615 2189 pigrioremque
630 2095 792 2182 afferens,
807 2094 966 2190 paulatim
982 2095 1144 2189 deposuit.

246 2297 299 2352 DE
320 2290 454 2347 VAFRE
474 2293 615 2347 DICTIS
636 2295 720 2347 AUT
739 2295 880 2349 FACTIS
900 2295 949 2347 ΑΒ
970 2294 1185 2348 EXTERNIS.

238 2480 267 2525 1.
287 2455 402 2543 Quum
424 2451 610 2520 Alexander
628 2452 852 2541 Macedonum
875 2478 933 2521 rex
954 2441 1065 2521 sorte⁵
1084 2455 1247 2543 monitus,

178 2577 217 2639 ut
235 2585 329 2647 eum,
350 2561 408 2654 qui
426 2558 486 2633 sibi
504 2573 600 2653 porta
618 2547 750 2654 egresso
769 2562 895 2654 primus
913 2561 1128 2648 occurrisset,
1146 2563 1246 2630 inter·

179 2747 328 2806 inmodum
341 2747 691 2819 lictorumetsppsritnrmn
736 2788 740 2795 .
778 2769 803 2801 s.
827 2747 1250 2808 Convertamlliiresertsrhabent.

178 2831 349 2905 publicorum
358 2829 557 2881 subornaverat.
567 2829 600 2880 Et
609 2831 644 2880 ita
655 2848 693 2881 se·
777 2829 804 2880 3.
818 2829 972 2882 Pei-nutant.
993 2831 1109 2901 Respicit
1126 2831 1160 2883 ad
1173 2851 1247 2885 amo·

179 2925 253 2984 ptem
262 2910 336 2963 MSS.
350 2909 474 2962 Torrenii
488 2910 614 2960 etmultae
629 2907 690 2962 edd.
735 2927 793 2960 rem
817 2906 989 2962 adolescentis
1012 2929 1074 2981 erga
1100 2924 1247 2964 matronam

178 2992 357 3063 Pighiusvero
365 2987 694 3060 deditpublicorumqueser»
735 2989 794 3042 viro
803 3002 924 3059 nuptam.

180 3092 274 3133 sorum,
286 3082 382 3140 prater
395 3068 583 3121 necessitatem.
594 3101 629 3113 -·-
643 3069 692 3135 Os·
778 3073 804 3131 4.
824 3069 938 3134 Infelicis.
956 3068 1033 3137 Pigh.
1047 3089 1079 3122 ex
1091 3069 1205 3124 Wineb.
1222 3085 1249 3124 et

67 3194 71 3200 .
175 3149 339 3221 finetetlss.
352 3167 449 3202 novem
460 3148 693 3215 lefsirdit.llicvero
737 3148 833 3200 Colon.
849 3146 958 3230 dedepat
972 3150 1102 3214 infelicem,
1120 3148 1166 3202 sed
1179 3152 1248 3203 Tor-

171 3224 393 3304 ‘quumdicantur
399 3228 603 3296 tenebroeoffwrdi
609 3229 690 3290 oculu,
735 3246 793 3280 ren.
804 3228 905 3294 infelicis
913 3229 1061 3294 revocavit,
1071 3228 1143 3300 quod
1154 3231 1182 3282 in
1190 3250 1249 3282 om-

180 3312 262 3365 nimis
279 3308 346 3362 illud
365 3309 505 3379 proprium
522 3321 549 3360 et
570 3310 693 3378 frequens
736 3306 1248 3374 nibussuisMSS.invenerat‚etinedi·

181 3390 327 3444 Turranius
354 3389 483 3441 existimat
508 3407 588 3459 quam
609 3401 639 3440 ut
659 3385 693 3439 de
736 3386 809 3438 tione
828 3399 881 3439 vet.
894 3419 935 3429 —
949 3389 1054 3440 Licentis
1074 3403 1127 3453 est,
1145 3391 1174 3441 in
1194 3409 1249 3460 quo

181 3484 271 3524 nostra
285 3470 399 3523 lectione
411 3467 529 3521 dubitari
537 3468 634 3538 possit,
645 3467 694 3520 etsi
737 3466 819 3518 animi
828 3467 869 3518 sui
882 3465 986 3520 libidini
996 3487 1056 3521 eum
1068 3470 1175 3521 licentia
1190 3489 1250 3540 pos·

180 3551 333 3622 complures
352 3549 431 3601 MSS.
449 3547 614 3605 dissentiant.
628 3545 692 3599 vid.
736 3545 1250 3618 sitindulgere.LegunturSocmtiscon·

181 3632 257 3684 Curt.
279 3630 347 3686 VII,
368 3632 401 3695 6,
424 3647 477 3691 ²²5
493 3627 583 3678 Valer.
608 3627 692 3678 Flace.
736 3626 793 3678 silia
804 3627 832 3678 in
841 3628 966 3697 Xenoph.
974 3629 1088 3681 Memor.

179 3711 231 3775 lv,
246 3714 316 3774 48²3
331 3708 421 3760 Phced.
436 3709 478 3770 11,
496 3724 540 3758 ιι.
779 3707 805 3760 5.
816 3706 894 3759 Sorte.
903 3708 1038 3760 Vaticinio
1054 3710 1248 3779 sortilegorum.

225 3809 250 3843 1.
259 3789 380 3842 Puteolos.
387 3783 525 3857 Oppidum
532 3787 693 3838 maritimum
737 3785 836 3839 Forsan
852 3788 880 3838 in
893 3805 958 3839 voce
969 3795 1065 3858 πρῶτος
1078 3789 1156 3841 latuit
1169 3790 1251 3841 ambi-

168 3902 170 3904 ·
183 3869 347 3941 Campania,
365 3886 420 3920 non
432 3866 526 3936 procul
542 3867 575 3918 ab
587 3867 693 3918 Averno
737 3866 834 3936 gaitae,
842 3862 902 3936 bure
910 3867 989 3919 etiam
1003 3870 1168 3940 praecipuum
1178 3870 1251 3939 prin·

177 3951 248 4004 lacu.
261 3980 300 3991 ω-
312 3945 522 4016 Profugium.lllii
534 3946 625 4016 legunt
636 3966 693 4016 per·
737 3947 839 4016 cipem,
860 3965 955 4017 nempe
975 3948 1099 4012 Darium,
1122 3947 1250 4004 denotare

176 4034 290 4099 sugium,
308 4025 381 4100 quod
403 4026 534 4078 Torrenio
555 4028 693 4098 probatur.
738 4036 849 4100 poterat.
