2678 4808
252 377 361 447 CAP.
390 377 464 462 Vl,
492 379 560 444 DE
588 373 954 445 NECESSITATE.
1086 376 1135 462 43

66 510 231 578 dictatura
250 509 489 603 rempublicam
508 509 783 592 administrantis,
801 508 904 605 spolia
923 510 1068 578 hostium
1087 511 1136 579 af·

64 615 130 684 fixa
147 614 297 711 templis,
313 616 452 685 deorum
467 617 597 685 numini
613 618 823 703 consecrata,
838 617 1058 686 instrumento
1073 619 1136 686 mi·

64 720 141 790 litiae
159 722 274 792 futura
292 721 578 809 convellerentur,
594 748 633 791 ac
654 723 837 817 praetextati
856 725 951 816 pueri
972 747 1064 792 arma
1082 725 1137 791 in-

65 829 224 915 duerent,
239 827 465 898 addictorum¹
482 831 599 916 etiam,
616 843 649 898 et
663 828 794 923 capitali
810 830 947 897 crimine
964 829 1137 898 damnato·
1213 816 1216 828 ¹

65 960 142 1002 rum
154 954 211 1004 sex
222 934 324 1003 millia
336 935 632 1037 conscriberentur.
646 936 731 1024 Quae
745 937 771 1004 si
782 958 843 1029 per
856 958 891 1004 se
901 935 1140 1030 adspiciuntur,

63 1040 189 1134 aliquid
201 1042 332 1110 ruboris
343 1041 506 1130 habeant3
522 1043 549 1111 si
562 1054 672 1110 autem
689 1041 830 1110 admotis
843 1044 1045 1111 necessitatis
1061 1044 1140 1111 viri-

64 1147 128 1216 bus
147 1147 390 1242 ponderentur,
404 1150 535 1218 saevitiae
558 1149 716 1243 temporis
737 1149 967 1217 convenientia
985 1149 1137 1244 praesidia
1224 1211 1230 1219 .

63 1253 248 1324 videantur.
265 1257 407 1348 Propter
427 1253 597 1323 eamdem²
613 1253 741 1323 cladem
761 1268 893 1324 senatus
906 1254 1065 1344 Otacilio,
1079 1256 1136 1349 qui

63 1359 226 1446 Siciliam,
244 1375 278 1430 et
290 1360 447 1430 Cornelio
459 1359 667 1448 Mammulae,
681 1362 737 1454 qui
751 1360 935 1429 Sardiniam
953 1375 1137 1456 propraeto-

63 1466 157 1535 ribus
174 1468 386 1551 obtinebant,
401 1468 636 1561 querentibus,
652 1495 669 1531 c<
684 1467 773 1562 quod
792 1491 900 1562 neque
918 1468 1136 1562 stipendium,

62 1597 173 1666 neque
184 1573 388 1642 frumentum
402 1572 559 1643 classibus
572 1599 688 1642 eorum
704 1588 737 1643 et
751 1573 950 1642 exercitibus
964 1575 1137 1668 sociipne

61 1678 182 1747 berent
193 1708 210 1743 u
220 1733 230 1766 ,
241 1679 485 1749 affirmantibus
497 1681 613 1764 etiam,
625 1704 667 1749 ne
678 1679 802 1747 habere
813 1679 946 1772 quidem
958 1704 1032 1768 eos,
1047 1680 1139 1749 unde

62 1785 98 1852 id
110 1800 266 1879 praestare
277 1799 427 1881 possent,
440 1788 621 1881 rescripsit,
632 1815 650 1850 ι(
660 1788 812 1855 aerarium
822 1785 1010 1880 longinquis
1019 1810 1138 1882 expen-

61 1893 108 1960 sis
127 1917 197 1961 non
219 1892 391 1963 sufficere:
411 1893 566 1989 proinde,
586 1918 653 1988 qao
674 1906 773 1987 pacto
795 1906 895 1962 tantoe
913 1893 1035 1989 inopiae
1056 1918 1137 1963 suc-

61 1999 265 2068 currendum
287 2016 389 2086 esset,
409 2001 472 2095 ipsi
499 2000 698 2069 viderent.»
729 2000 789 2068 His
816 1998 919 2069 literis
942 2000 1023 2094 quid
1046 1998 1135 2069 aliud

60 2129 163 2198 quam
185 2107 315 2200 imperii
338 2109 388 2175 sui
412 2105 636 2202 gubernacula
662 2131 680 2175 e
703 2106 856 2175 manibus
881 2105 1026 2199 abjecit?
1050 2108 1135 2176 Sici-

44 2209 207 2305 liamque
224 2226 259 2280 et
278 2212 482 2301 Sardiniam,
501 2213 752 2307 benignissimas
773 2212 864 2282 urbis
884 2227 1005 2283 nostrae
1024 2215 1133 2281 nutri-

59 2302 152 2405 ces³,
167 2318 289 2412 gradus
304 2333 337 2388 et
356 2319 578 2389 stabilimenta
595 2317 779 2405 bellorum,
799 2334 868 2388 tam
887 2317 994 2388 multo
1012 2318 1134 2389 sudore

60 2438 97 2491 et
115 2426 274 2519 sanguine
291 2427 326 2493 in
339 2425 393 2518 jus
415 2450 454 2495 ac
472 2440 670 2521 potestatem
687 2424 858 2512 redactas,
876 2428 991 2520 paucis
1008 2426 1136 2510 verbis,

59 2545 95 2598 tc
118 2529 242 2600 scilicet
261 2533 465 2602 Necessitate
484 2532 638 2624 jubente,
657 2532 788 2600 dimisit.

119 2662 152 2705 2.
180 2624 330 2706 Eadem⁴
354 2638 548 2707 Casilinates
575 2637 746 2706 obsidione
769 2638 963 2708 Hannibalis
985 2638 1138 2727 clausoS,

59 2844 303 2898 Pemsitusitatum
312 2845 468 2916 gentisuliae
478 2863 575 2915 cogno·
618 2844 763 2896 amiserunt
778 2857 842 2896 tunc
863 2846 977 2898 Romani
994 2845 1051 2899 illas
1066 2865 1135 2918 pror

60 2943 138 2990 men,
154 2942 205 2976 nec
222 2937 427 2978 consentaneum
445 2925 479 2976 sit
493 2927 574 2995 maje·
616 2922 732 2988 vincias,
751 2921 798 2974 sed
816 2924 999 2978 obtinuenmt.
1016 2958 1056 2967 —
1073 2927 1129 2978 Ec·

59 3002 275 3068 statidictatoris,
283 3016 314 3057 nt
322 3003 441 3075 id,quod
450 3005 572 3066 refertur,
613 3000 1135 3074 pensu.Du0decimMSS.impensis.For-

59 3103 133 3154 opera
146 3087 202 3156 ejas
213 3084 312 3137 factum
322 3083 434 3138 dicatur.
448 3117 489 3127 -
503 3085 573 3136 Proe·
616 3100 663 3135 san
675 3077 730 3133 non
743 3082 821 3135 male.
836 3081 901 3135 Vid.
917 3083 1001 3147 infra,
1016 3085 1067 3138 111.

61 3167 155 3218 tantan.
180 3164 236 3228 Qui
257 3165 341 3217 XVII
363 3165 446 3217 atatis
472 3182 573 3217 annum
657 3162 684 3215 3.
711 3161 833 3215 Nutrices.
860 3163 997 3236 Praecipue
1024 3162 1133 3231 Sicilia,

58 3243 182 3296 nondum
195 3245 344 3314 attigerant.
615 3259 695 3312 quam
717 3242 800 3293 cellam
814 3247 941 3313 penariam
955 3244 1130 3315 reipublicae,

101 3343 127 3377 1.
143 3324 314 3378 Addictomm.
327 3325 489 3377 Addictiseu
502 3329 568 3386 nesi,
615 3324 733 3393 rapticio,
747 3320 848 3391 fiscalia
870 3323 968 3386 honen,
990 3327 1134 3394 frumento,

60 3406 104 3475 qui
112 3403 292 3458 creditoribus
299 3417 410 3476 propter
421 3404 531 3457 nomina
543 3405 572 3456 in
616 3401 697 3464 melle,
706 3403 758 3454 sale
766 3403 915 3455 mundantia
922 3406 1060 3458 vocabant.
1070 3405 1131 3458 Sar·

59 3484 214 3538 servitutem
229 3485 421 3556 temporariam·
432 3503 447 3536 a
459 3497 573 3556 praetore
614 3482 770 3541 aaudiat
780 3499 817 3536 ex.
827 3494 902 3554 parte
915 3498 1027 3556 asperae,
1035 3485 1127 3540 laudat

60 3563 260 3618 addicebantur.
277 3562 342 3617 Vid.
359 3565 446 3617 Plaut.
465 3565 493 3616 in
513 3566 571 3617 Poe-
615 3574 703 3614 tamen
712 3562 805 3616 Horat.
816 3561 896 3628 1‚0d.
907 3564 1128 3639 &mairanega-¹

59 3645 123 3697 nulo
139 3663 147 3698 ε
166 3645 231 3696 «ubi
246 3647 327 3715 injus
345 3647 453 3706 uenerit,
477 3644 573 3696 addicet
615 3643 757 3708 tssfiracis.
772 3673 807 3684 -·
820 3642 863 3695 Te.
871 3642 995 3714 Pighius,
1013 3649 1056 3700 ita.
1073 3646 1128 3700 Sed

57 3724 276 3792 prator-fumidum
289 3735 363 3776 totam
376 3725 428 3778 tibi.
437 3750 448 3771 ι
615 3723 793 3794 apostrophen
804 3722 926 3776 hocloco
942 3743 998 3778 esse
1014 3724 1124 3780 demon·

100 3823 127 3857 a.
150 3805 259 3858 Cladem.
272 3806 323 3858 An.
335 3806 371 3858 U.
386 3803 452 3875 547.
466 3803 571 3868 Livius,
614 3814 679 3854 strat
697 3802 787 3873 paullo
805 3815 866 3873 post
886 3820 998 3876 sequens
1016 3808 1125 3861 voturi.

62 3883 168 3949 XXIII,
182 3885 410 3937 n.-Proedereut.
421 3887 456 3936 At
465 3884 570 3946 Livius,
656 3888 683 3943 4,
697 3883 840 3936 Eadem.....
854 3880 962 3938 uoluisti.
978 3886 1076 3959 Guyet.
1090 3889 1125 3941 le·

63 3965 163 4018 asociis
176 3965 362 4035 benignissime
374 3978 510 4034 erogatum
524 3965 570 4017 sti·
614 3964 652 4031 git
665 3963 725 4013 idem
737 3962 829 4024 noluit,
844 3963 1042 4035 subintelligens
1057 3986 1125 4019 sena·

63 4043 186 4111 pendium
196 4057 222 4098 et
230 4045 570 4111 frumentum,nannt:nec
615 4056 659 4095 tus.
680 4043 749 4095 Male
764 4058 843 4110 vero,
863 4063 925 4096 uam
940 4045 1063 4098 Valerius
1078 4066 1126 4100 ne·
