2678 4808
155 353 159 361 ’
210 373 258 444 26
388 373 611 442 vassall
638 375 845 442 Maximi
873 376 971 442 Lis.
999 377 1089 444 vn.

198 514 286 575 'ortu
304 530 438 573 cursum
459 506 494 571 in
516 504 691 598 quemdam
714 504 823 574 locum
843 505 1040 600 dirigerent3
1059 509 1150 599 isque
1170 530 1274 601 regno

190 613 392 705 potiretur,
412 611 506 702 cujus
530 635 633 705 equus
655 613 690 679 in
713 636 754 680 eo
775 613 901 705 primus
919 613 1088 681 hinnisset'.
1108 615 1275 682 Caeterum

208 719 359 786 maximae
374 716 535 785 mercedis
555 718 827 811 competitoribus
846 718 986 787 fortunae
1008 718 1204 787 beneficium
1224 743 1276 786 ex·

211 823 455 917 spectantibus,
484 822 572 892 solus
600 825 752 892 acumine
779 825 944 918 equisonis
963 826 1013 893 sui
1035 824 1177 893 OEbaris
1198 849 1276 917 pro·

211 954 343 1022 sperum
360 943 522 1022 exoptatae
536 931 583 998 rei
597 929 754 998 effectum
770 945 963 1024 assequutus
977 945 1041 999 est:
1058 931 1114 1023 qui
1132 932 1166 996 in
1184 944 1277 1023 equae

211 1024 387 1129 genitalem
401 1050 529 1127 partem
544 1035 718 1104 demissam
735 1061 889 1122 manum,
903 1062 1005 1130 quum
1020 1035 1062 1104 ad
1077 1061 1153 1104 eum
1166 1034 1276 1104 locum

210 1156 348 1210 ventum
367 1155 468 1226 esset,
488 1141 641 1211 naribus¹
663 1144 739 1235 equi
759 1142 931 1211 admovit:
953 1169 1019 1237 quo
1041 1142 1144 1211 odore
1165 1143 1277 1210 irrita-

211 1261 281 1334 tus,
306 1261 382 1315 ante
400 1272 515 1316 omnes
535 1249 701 1317 hinnitum
723 1248 842 1334 edidis,
862 1248 1039 1342 auditoque
1063 1273 1120 1334 eo,
1146 1271 1203 1316 sex
1221 1272 1277 1315 re·

210 1351 290 1446 liqui
312 1378 448 1422 summae
470 1357 640 1446 potestatis
660 1354 823 1423 candidati
846 1357 1003 1424 continuo
1024 1356 1115 1448 equis
1137 1351 1277 1447 delapsi,

212 1474 250 1527 ut
264 1473 314 1544 est
328 1484 399 1527 mos
417 1463 607 1548 Persarum,
622 1460 715 1529 humi
734 1462 906 1555 prostratis
919 1460 1277 1555 corporibus,Darium

211 1590 324 1659 regem
352 1565 587 1635 salutaverunt.
615 1568 788 1654 Quantum
819 1568 1020 1660 imperium,
1048 1590 1147 1659 quam
1173 1589 1278 1658 parvo

212 1671 433 1764 interceptum
454 1686 503 1740 est
524 1668 751 1741 vaframento!

268 1775 301 1846 3.
326 1779 399 1846 Bias
419 1791 529 1844 autem
539 1776 561 1862 ²,
583 1779 677 1870 cujus
696 1779 855 1872 sapientia
874 1778 1061 1845 diuturnior
1074 1779 1160 1845 inter
1172 1776 1279 1844 homi·
1309 1827 1312 1834 Δ

213 1908 271 1952 nes
302 1897 369 1967 est,
393 1905 493 1975 quam
520 1883 627 1975 patria
649 1884 766 1950 Priene
794 1882 857 1950 fuit
876 1875 1061 1976 (siquidem
1087 1883 1158 1950 haec
1181 1885 1281 1951 etiam

148 2058 153 2064 ,
213 2014 302 2057 nunc
324 1990 443 2083 spirat,
462 1973 569 2056 illius3
590 1988 727 2083 perinde
745 2002 844 2082 atque
862 1990 1031 2058 exstinctae
1053 1989 1190 2082 vestigia
1209 2002 1280 2056 tan-

213 2095 386 2166 tummodo
411 2084 584 2182 exstant),
602 2099 655 2162 ita
678 2095 787 2190 aiebat
810 2111 967 2190 oportere
983 2095 1133 2163 homiues
1160 2098 1195 2161 in
1219 2117 1283 2162 usu

214 2206 377 2270 amt'citt'ae
395 2205 532 2268 versari·
539 2253 550 2285 ,
572 2216 612 2268 ut
629 2206 874 2286 meminissent,
894 2225 971 2269 eam
994 2201 1046 2269 ad
1057 2204 1282 2294 grauissimas

212 2312 406 2393 iuimicitias
413 2330 522 2401 posse
532 2312 692 2375 conuerti.
703 2306 805 2396 Quod
814 2307 947 2401 quidem
959 2321 1161 2400 praeceptum
1176 2306 1283 2399 prima

215 2415 324 2508 specie
339 2415 437 2482 nimis
453 2412 591 2489 fortasse
603 2412 756 2483 callidum
770 2413 940 2497 videatur,
954 2414 1190 2505 inimicumque
1205 2414 1282 2480 sim-

214 2518 369 2612 plicitati,
380 2543 445 2612 qua
457 2521 622 2622 praecipue
635 2518 839 2589 familiaritas
852 2518 993 2614 gaudet:
1008 2519 1065 2588 sed
1077 2520 1103 2587 si
1112 2517 1284 2586 altioribus

214 2627 331 2693 animis
352 2626 510 2719 cogitatio
531 2625 671 2695 demissa
689 2625 804 2713 suerit,
818 2650 980 2719 perquam
994 2623 1073 2693 utile
1087 2625 1283 2718 reperietur.

215 2828 299 2885 dubio
317 2842 393 2901 gente
411 2829 476 2881 olim
495 2829 581 2882 Persis
598 2829 727 2894 finitima,
813 2829 839 2883 3.
854 2831 917 2882 Hoec
931 2870 1061 2884 .......
1075 2833 1148 2882 illius.
1160 2831 1286 2901 Pighius,

214 2911 303 2963 locum
313 2911 406 2963 habuit
413 2948 422 2974 ,
429 2929 484 2962 non
495 2910 593 2963 mirum
602 2922 654 2974 est,
665 2911 728 2962 Per·
773 2907 851 2980 quem
865 2911 971 2980 sequuti
986 2923 1048 2963 sunt
1060 2911 1147 2962 Coler.
1160 2923 1186 2962 et
1195 2911 1286 2963 Vorst.

131 2993 138 3010 l
216 3009 304 3044 sarum
318 2989 450 3061 principes
471 2990 520 3040 soli
536 3002 562 3042 et
575 3008 643 3059 equo
661 2989 729 3060 regis
772 2988 878 3042 edidere
898 2991 979 3043 illam.
998 2991 1083 3060 liujus,
1105 2990 1195 3040 invitis
1211 2989 1287 3043 MSS.

217 3071 373 3124 electionem
385 3070 555 3121 commisisse.
565 3070 676 3122 Colerus
687 3086 729 3121 re·
772 3082 799 3121 et
814 3082 906 3121 contra
928 3088 1030 3121 morem
1046 3069 1165 3132 Valerii,
1183 3070 1231 3139 qui
1250 3070 1289 3120 bic

216 3163 259 3203 cte
274 3161 380 3212 monet,
400 3150 452 3200 hoc
473 3149 553 3201 etiam
576 3147 646 3220 apud
662 3149 730 3200 Ger·
773 3147 807 3200 ad
818 3149 959 3211 remotius,
974 3149 1015 3201 ille
1030 3147 1064 3200 ad
1079 3149 1231 3219 proximum
1246 3167 1289 3200 re·

218 3248 311 3282 manos
320 3229 401 3281 moris
413 3228 479 3297 olim
493 3229 572 3281 luisse
580 3267 588 3293 ,
597 3242 624 3280 et
634 3229 730 3280 multos
773 3229 843 3280 ferre
854 3229 932 3292 solet,
942 3239 972 3279 ut
979 3230 1033 3297 jam
1044 3247 1100 3279 non
1111 3227 1191 3280 semel
1204 3226 1291 3280 adno-

218 3309 285 3367 ritus
312 3321 451 3379 utramque
478 3322 583 3378 gentem
609 3308 731 3360 habuisse
774 3320 858 3360 tatum
871 3319 918 3359 est.
933 3339 973 3350 -
987 3307 1106 3360 Converti.
1122 3309 1185 3359 Non
1199 3326 1231 3359 eo
1244 3326 1289 3360 us·

218 3407 382 3450 communes.
399 3389 520 3441 Fortasse
533 3391 587 3459 jam
604 3387 731 3458 antiquis·
774 3406 825 3458 que
848 3387 962 3439 amicum
978 3407 1064 3440 amare
1084 3387 1228 3452 debemus,
1243 3399 1290 3451 ut,

221 3469 292 3521 simis
305 3469 526 3540 temporibus,ex
534 3468 686 3537 regionibus
698 3465 731 3519 ad
775 3466 876 3537 siquid
896 3466 1037 3539 indignum
1058 3480 1084 3520 et
1100 3480 1177 3537 turpe
1198 3466 1293 3519 fecerit

220 3549 350 3614 Tanaim,
372 3549 518 3600 Caucasum
540 3560 567 3599 et
588 3565 660 3599 mare
682 3548 732 3600 Ca·
775 3547 816 3599 vel
830 3548 953 3616 jusserit,
969 3547 1055 3601 odisse
1071 3548 1158 3618 turpia
1176 3565 1293 3616 nequea-

220 3629 307 3698 spium
334 3618 389 3681 sitis
416 3629 525 3681 coloniae
553 3627 680 3679 transiere
704 3628 733 3678 in
776 3646 848 3692 mus;
866 3646 951 3699 neque
975 3629 1027 3692 sic,
1045 3640 1075 3678 ut
1090 3628 1178 3678 omnia
1201 3638 1295 3678 nostra

221 3707 400 3763 Germaniam.
777 3708 888 3777 cogitata
906 3708 1109 3777 patefaciamus,
1131 3703 1204 3778 quod
1220 3706 1294 3775 peri-

264 3807 288 3840 1.
302 3787 417 3839 Naribus.
431 3786 573 3838 Honestius
585 3804 641 3838 rem
655 3785 735 3839 Justi·
776 3789 897 3839 culosum
913 3788 1001 3839 foret:
1019 3805 1068 3838 nec
1084 3799 1222 3855 tantopere
1240 3785 1296 3836 ini·

222 3887 271 3919 nus
286 3886 317 3919 ex
331 3864 468 3919 Herodoto
484 3878 580 3920 narrat.
778 3868 879 3919 micum
887 3864 974 3918 odisse
983 3864 1071 3929 decet,
1082 3879 1111 3918 ut
1120 3885 1181 3917 eum
1190 3865 1218 3915 in
1229 3865 1299 3916 ami-

264 3967 288 3999 a.
304 3947 365 3998 Bias
379 3944 531 3998 autem.Vid.
545 3945 653 4000 Aristot.
664 3946 735 3998 Rhe·
779 3946 885 4004 citiam,
903 3945 924 3997 si
934 3946 1143 3998 reconciliationi
1157 3946 1231 3997 locus
1245 3943 1296 3996 da-

223 4039 272 4086 tor·
289 4026 337 4078 lib.
353 4026 388 4077 11.
780 4038 838 4090 tur,
850 4025 968 4095 recipere
984 4045 1039 4077 non
1052 4026 1192 4096 possimus.
