2678 4808
274 392 382 462 CAP.
405 395 474 478 IV,
501 395 569 460 DE
597 394 1052 469 STRATEGEMATIS.
1151 400 1198 472 35

128 549 321 620 expugnare
338 548 406 592 non
421 538 551 618 posset,
567 526 654 593 intra
671 539 788 618 pectus
806 551 903 595 suum
920 527 978 596 diu
993 529 1201 626 multumque

128 631 272 701 consiliis
290 631 438 725 agitatis,
452 632 540 698 viam
558 632 698 725 reperit,
713 656 777 739 qna
796 636 1004 727 propositum
1020 636 1199 708 aderitum

128 737 342 835 perduceret:
365 738 484 805 itinera
505 761 627 855 magno
648 740 775 832 impetu
796 739 1065 833 ingrediebatur,
1083 744 1202 815 deinde

128 844 208 913 alias
233 859 332 938 atque
359 841 438 912 alias
466 845 618 938 regiones
639 844 793 938 petebat:
816 845 918 914 modo
943 847 1006 917 hos
1031 849 1203 920 obsidebat

128 965 278 1039 montes,
301 949 402 1046 paulo
420 964 497 1044 post
514 949 556 1017 ad
574 949 648 1020 illos
666 951 990 1045 transgrediebatur3
1005 962 1108 1049 q'uum
1125 959 1205 1026 inte·

122 1059 193 1125 rim
215 1071 285 1125 tam
309 1058 375 1126 suis
397 1055 574 1144 omnibus,
593 1081 694 1151 quam
716 1057 794 1151 ipsis
818 1057 970 1130 hostibus
994 1063 1107 1156 ignota
1133 1080 1204 1132 erat

128 1186 229 1233 causa
245 1165 424 1258 inopinatae
442 1163 513 1255 ejus
529 1186 569 1231 ac
588 1163 705 1232 subitae
722 1163 962 1235 fluctuationis:
982 1169 1203 1264 interrogatus

129 1295 264 1365 quoque
284 1295 304 1338 a
326 1269 472 1364 quodam
493 1271 692 1338 amicissimo
716 1270 798 1357 sibi,
819 1273 906 1364 quid
919 1277 971 1342 ita
991 1294 1150 1369 prorsum
1171 1293 1205 1345 et

129 1382 309 1445 incertum.
328 1378 459 1444 militine
485 1400 596 1470 genus
618 1379 843 1470 sequeretur?
868 1408 885 1443 ιι
903 1378 1054 1468 Absiste,
1075 1383 1205 1475 inquit,

130 1482 238 1552 istud¹
270 1507 440 1578 quaerere3
468 1507 546 1551 nam
576 1485 602 1552 si
631 1483 729 1576 hujus
760 1483 887 1553 consilii
917 1487 982 1554 mei
1012 1488 1203 1557 interiorem

129 1592 277 1659 tunicam
299 1591 467 1659 consciam
495 1614 648 1676 sensero,
669 1589 830 1658 continuo
852 1614 926 1658 eam
945 1594 1085 1660 cremari
1103 1594 1204 1687 jube-

130 1695 183 1765 bo.
199 1726 218 1761 ιι
242 1698 443 1785 Quorsum
434 1697 534 1790 egitur
555 1697 617 1765 ista
638 1694 853 1764 dissimulatio
875 1696 1009 1814 erupit?
1026 1714 1085 1767 aut
1105 1725 1204 1794 quem

131 1802 232 1871 finem
250 1801 391 1871 habuit?
411 1806 590 1896 Postquam
612 1827 694 1872 vero
703 1799 766 1870 'et
787 1804 967 1871 exercitum
988 1829 1084 1873 suum
1106 1807 1205 1899 igno·

130 1911 259 1997 nantia,
278 1923 312 1977 et
328 1923 433 1977 totam
448 1908 661 1977 Celtiberiam
677 1933 791 1978 errore
804 1907 1006 2003 implicavit;
1019 1936 1122 2004 quum
1141 1912 1206 1982 alid

132 2041 268 2085 cursum
285 2015 472 2102 direxisset,
490 2014 599 2083 subito
616 2015 659 2083 ad
672 2015 889 2084 Contrebiam
907 2016 1034 2086 reflexit
1042 2042 1205 2112 ,eamque

132 2122 336 2216 inopinatam
351 2136 384 2191 et
395 2122 571 2205 attonitam
586 2124 767 2215 oppressit3
780 2145 861 2215 ergo
875 2123 937 2190 nisi
951 2138 1097 2193 mentem
1112 2149 1204 2193 suam

124 2226 225 2299 dolos
242 2229 383 2298 scrutari
403 2229 583 2322 coegisset,
601 2227 645 2319 ad
666 2227 866 2297 ultimam
837 2252 868 2297 er
890 2244 1095 2299 senectutem
1116 2230 1205 2325 apud

134 2336 255 2403 moenia
277 2333 465 2404 Contrebiae
487 2348 615 2403 armato
634 2313 815 2403 sedendum
836 2319 961 2404 foret³.

170 2564 173 2569 '
269 2558 324 2610 DE
348 2556 720 2611 STRATEGEMATIS
746 2557 1069 2612 EXTERNORUM.

192 2763 222 2806 1.
249 2723 619 2832 Agathocleslautem
641 2736 921 2856 Syracusanorum
943 2760 1019 2822 rex,
1038 2736 1207 2807 audaciter

136 2843 293 2914 callidus:
311 2868 414 2936 quum
433 2843 520 2910 enim
537 2841 697 2910 urbem
669 2866 739 2933 ejus
758 2839 883 2933 majore
898 2865 938 2908 ex
952 2855 1046 2934 parte
1064 2843 1145 2911 Cart
1146 2843 1205 2910 ha·

136 2953 298 3081 ginienses
320 2961 555 3042 occupassent,
569 2949 749 3016 exercitum
772 2970 869 3015 suum
890 2946 923 3011 in
943 2945 1089 3014 Africam
1108 2950 1205 3040 traje-

136 3042 198 3128 cit⁵
200 3071 259 3146 ,ut
272 3070 397 3125 metum
409 3068 519 3141 metu,
530 3055 599 3121 vim
610 3079 644 3121 vr
637 3053 852 3122 discuteret·
844 3074 970 3144 ,neque
986 3053 1056 3120 sine
1068 3052 1205 3123 effectu:

136 3267 382 3342 spaniaeTarracon.
388 3262 561 3333 significatur,
566 3276 650 3334 quum
692 3272 736 3314 set.
755 3260 842 3313 Sedere
863 3259 992 3312 hocloco
1012 3272 1052 3312 est
1070 3259 1205 3330 desidere,

136 3347 168 3402 de
180 3346 325 3400 Celtiberia
338 3344 372 3396 sit
381 3361 478 3399 sermo
691 3341 800 3392 morari.
809 3337 873 3393 vid.
886 3339 955 3410 Nep
969 3340 1046 3407 XIV,
1057 3343 1090 3406 8,
1101 3359 1204 3415 1,pag

177 3426 294 3481 elstra.
309 3424 418 3494 Pighius
431 3435 458 3474 et
468 3422 536 3474 alu
526 3435 590 3486 nta,·
584 3420 650 3475 ·sed
697 3421 762 3486 143,
776 3432 873 3473 nostrae
888 3416 1022 3471 editionis

137 3519 241 3578 praestat
256 3505 339 3567 istnd;
352 3516 446 3576 utpote
458 3503 553 3554 melius
568 3520 648 3555 unam
733 3506 761 3563 4.
777 3499 934 3568 ᾸςαιΙμοοΙει
941 3497 1007 3551 Vid
1014 3498 1094 3552 Diod
1103 3499 1138 3553 de
1147 3503 1203 3557 reb

138 3601 190 3640 rem
206 3585 337 3658 quaerenti
352 3583 520 3638 conveniens.
692 3576 822 3631 Alexand.
835 3579 933 3631 lustin.
947 3579 1041 3644 XXII,
1054 3579 1079 3632 5.
1090 3582 1206 3651 Agatho·

177 3687 204 3720 ι.
216 3667 291 3720 Vero.
301 3665 403 3718 Hancv
385 3681 479 3716 vocem
487 3659 559 3713 Med.
569 3660 648 3731 prim.
693 3659 744 3712 cles
754 3677 785 3711 ex
793 3657 890 3710 humili
897 3657 973 3728 figuli
983 3672 1053 3711 sorte
1064 3657 1098 3712 ad
1106 3661 1206 3731 regiam

139 3745 214 3800 delet.
224 3744 304 3798 Haud
313 3745 434 3816 profecto
444 3739 564 3794 absurde.
578 3740 648 3792 Ultr.
693 3741 854 3810 majestatem
869 3751 975 3792 evectus
987 3750 1034 3792 est.
1047 3772 1087 3782 -
1097 3740 1208 3795 Audaci·

139 3844 187 3879 sec.
201 3845 270 3879 ocra.
287 3825 390 3890 Quaerit
402 3821 548 3876 Torrenius
560 3838 649 3873 annon
694 3831 736 3872 ter.
753 3816 869 3884 Quidam
879 3817 1001 3871 audacter.

140 3906 260 3959 Valerius
272 3905 408 3976 scripserit
416 3906 471 3954 ceri
477 3941 484 3965 ,
496 3914 527 3954 ut
537 3901 571 3955 sit
583 3903 650 3970 agno·
735 3899 760 3952 5.
786 3900 899 3968 Trajecit.
914 3896 995 3964 Quod
1009 3911 1036 3950 et
1048 3898 1137 3971 Scipio
1149 3900 1205 3953 alii·

141 3990 290 4038 rantr’aeeri.
693 3979 1204 4051 quefeoerunt,optimumrati,hostem

179 4067 205 4119 3.
215 4065 351 4119 sedendum
361 4066 433 4127 soret.
443 4063 520 4116 Foret
528 4079 579 4133 pro
585 4062 650 4128 sun·
695 4061 724 4111 in
739 4059 822 4131 ipsius
835 4072 904 4112 terra
917 4055 1033 4128 aggredi.

964 4155 1004 4224 3,
