2678 4808
198 359 247 441 ιο
382 356 608 463 νιιΕιιιι
636 355 844 424 Maxim
872 357 966 424 mn.
995 356 1083 424 ιιι.

197 512 334 557 manum
356 489 394 555 L.
421 489 602 557 Mummius
624 488 762 580 adjecit,
784 489 928 556 maxima
945 512 1022 582 pars
1043 488 1085 556 ab
1106 488 1170 558 hoc
1189 490 1264 560 viro

195 593 371 689 profligata
391 607 450 662 est.
469 595 552 662 Eine
573 619 652 690 ergo
671 592 814 688 populus
830 592 1038 663 consulatum
1059 619 1180 688 negare
1201 621 1261 690 po·

197 702 281 788 tuit,
307 701 360 768 cui
387 725 465 768 mox
494 700 575 769 duas
602 699 797 770 clarissimas
824 702 1011 794 provincias
1040 715 1098 769 aut
1123 701 1262 772 daturus

196 819 284 892 erat,
305 819 363 873 aut
384 805 571 895 debiturus,
588 806 747 876 Achaiam
766 821 799 875 et
817 806 1048 875 Macedoniam
1064 805 1100 874 Ῥ
1121 810 1165 876 Et
1186 808 1261 901 qui·

153 966 155 973 .
196 910 272 980 dem
291 911 356 982 hoc
375 911 480 998 facto,
498 911 635 981 meliore
650 938 689 982 eo
709 914 780 982 cive
798 937 877 981 usus
896 927 962 998 est3
981 910 1138 981 intellexit
1155 915 1261 1003 enim,

196 1041 296 1110 quam
310 1017 470 1086 industrie
484 1018 544 1086 sibi
557 1018 720 1112 gerendus
733 1033 818 1088 esset
832 1017 1040 1106 consulatus,
1054 1043 1153 1112 quem
1168 1031 1269 1089 tanto'

196 1120 336 1192 labore
327 1126 498 1218 impetrari
516 1140 670 1194 senserat.

177 1232 179 1241 ⁴
252 1227 284 1300 5.
313 1230 403 1318 Quid
425 1244 492 1299 tam
520 1228 700 1317 excellens,
724 1229 803 1323 quid
829 1244 900 1305 tam
925 1229 1139 1360 opulentum,
1161 1255 1261 1325 quam

196 1338 235 1404 L
250 1333 376 1404 Sulla².
369 1333 383 1388 l
398 1338 538 1407 Divitias
552 1351 586 1406 et
602 1336 739 1431 imperia
754 1334 892 1430 largitus
909 1321 994 1404 est³·
985 1335 1099 1429 ,leges
1114 1350 1262 1407 vetustas

195 1429 406 1536 abrogavitl,
425 1467 529 1512 novas
551 1441 643 1512 tulit:
665 1443 720 1511 hic
742 1466 874 1536 quoque
894 1443 929 1509 in
951 1467 991 1511 eo
1010 1466 1146 1536 campo,
1167 1443 1262 1536 cujus

196 1561 313 1642 postea
331 1548 484 1618 dominus
503 1550 643 1635 exstitit,
669 1546 800 1668 repulsa
824 1560 975 1642 praeturae
1000 1546 1171 1641 sugillatus
1190 1563 1261 1636 est;

107 1733 110 1738 ,
196 1656 307 1723 omnia
324 1630 412 1725 loca
417 1657 512 1750 petiti
533 1654 726 1743 honoris,
702 1680 729 1724 si
745 1655 818 1748 quis
836 1653 936 1723 modo
957 1654 1095 1723 deorum
1118 1602 1261 1723 farmani

196 1776 230 1828 et
250 1762 427 1855 imaginem
449 1760 611 1830 futurae'
584 1785 654 1854 ejus
672 1762 828 1855 potentiae
845 1759 969 1854 populo
986 1784 1125 1829 romano
1141 1757 1261 1855 reprae·

196 1868 635 1961 sentasset,'impetraturus.
692 1869 694 1873 ’
797 1903 804 1926 ι

182 1992 185 1997 ’
250 1971 283 2042 6.
304 1972 368 2042 Sed
390 1987 428 2040 ut
451 1974 663 2042 comitiorum
680 1975 861 2053 maximum
883 1975 1009 2043 crimen
1030 1968 1191 2062 referam,
1212 1977 1260 2044 M.

196 2080 331 2148 Porcius
346 2081 430 2148 Cato
441 2064 464 2167 ⁵,
478 2079 552 2173 plus
565 2079 712 2149 moribus
731 2082 796 2150 suis
811 2094 963 2175 praeturae
976 2080 1106 2151 decoris
1121 2082 1263 2177 adjectu·

195 2271 282 2324 fllium
301 2289 329 2325 se
350 2273 445 2342 gessit,
472 2271 707 2343 Macedoniamque
750 2270 867 2326 cedoniac
880 2273 988 2335 maluit,
1003 2291 1083 2347 quam
1095 2289 1156 2347 post
1169 2294 1265 2329 consu·

196 2353 238 2404 vel
251 2352 387 2427 uoluntate
405 2352 594 2416 incolentium,
606 2353 648 2405 vel
665 2371 707 2404 ar·
749 2353 849 2421 latum,
867 2353 1006 2408 Celtiberis
1026 2356 1153 2420 subactis,
1169 2352 1198 2407 in
1211 2373 1263 2426 po-

196 2432 254 2485 mis
262 2432 409 2502 occupavit.
422 2463 462 2474 -
477 2432 639 2484 Eurum...
648 2451 706 2501 pro·
749 2444 870 2485 testatem
885 2434 1067 2487 Romanorum
1078 2433 1188 2505 redegit.
1196 2434 1262 2490 Vid.

196 2523 307 2584 sequutus
316 2524 360 2564 cst.
373 2510 415 2563 Sic
426 2529 518 2563 omnes
524 2511 599 2563 MSS.
609 2524 634 2563 et
644 2509 706 2565 edd.
750 2511 917 2578 Florum,II,
928 2532 972 2584 17.
981 2512 1032 2565 Sed
1038 2515 1117 2566 lectio
1123 2513 1157 2566 de
1164 2514 1264 2568 Achaia

197 2610 263 2663 qnos
277 2591 368 2643 Vorst.
388 2602 415 2642 et
426 2591 536 2643 Torren.
559 2592 708 2645 maluerunt
750 2589 938 2658 confirmatur,
956 2592 1029 2665 quod
1042 2612 1097 2645 non
1110 2607 1215 2646 tantum
1228 2587 1263 2648 de

197 2669 272 2741 sequi
292 2689 372 2741 quam
390 2669 600 2723 emendationem
620 2671 708 2741 Pighii
750 2668 935 2737 macedonico,
946 2670 992 2724 sed
1001 2686 1027 2725 et
1035 2672 1068 2725 de
1079 2674 1263 2727 achaicobello

196 2750 322 2822 legentis:
334 2770 402 2821 quem
413 2750 443 2801 de
455 2751 705 2821 Pseudophilippo...
750 2748 915 2820 predixerat.
936 2752 1032 2823 Negari
1049 2766 1136 2805 tamen
1152 2754 1263 2824 nequit,

194 2842 352 2902 prosequutus
363 2843 429 2882 erat.
440 2871 445 2883 .
456 2871 462 2882 .
474 2832 607 2901 profligata
613 2832 705 2896 fuerat.
750 2829 780 2881 in
790 2829 841 2882 hoc
853 2849 951 2884 errasse
958 2833 1107 2897 Valerium,
1122 2831 1196 2903 quod
1208 2846 1263 2886 tra·

256 2923 300 2962 cut
321 2911 421 2961 debebat
437 2923 481 2962 aut
497 2922 551 2962 erut
566 2910 708 2963 debiturum⁷
751 2907 805 2974 dit,
821 2910 930 2962 Metello
948 2912 1073 2964 Achaiam
1093 2925 1120 2964 et
1136 2912 1263 2966 Macedo·

197 2992 236 3044 Et
256 2991 349 3064 quidem
370 2991 415 3040 ltoc
429 2991 515 3056 sacto,
535 3003 584 3042 etc.
606 2989 709 3051 omissis
750 2990 822 3041 niam
836 2988 945 3043 demum
958 2992 1163 3062 postconsulatus
1182 2994 1263 3064 repul-

198 3071 319 3123 Aclraium
334 3081 358 3120 et
369 3070 544 3145 Macedoaipm.
559 3069 664 3122 Scilicet
677 3089 709 3121 ex
750 3089 802 3121 sam
815 3067 887 3122 datas
899 3088 961 3122 esse.

198 3151 307 3203 historia
325 3168 433 3203 romana
452 3162 554 3203 constat
573 3149 709 3201 Metellum
794 3168 819 3202 a.
834 3149 913 3202 Sulla.
925 3149 989 3202 Vid.
1003 3151 1073 3202 Plut.
1086 3151 1114 3202 in
1129 3149 1192 3215 vit.;
1207 3154 1262 3221 Ap·

197 3229 400 3283 Macedonicum
423 3229 457 3282 de
481 3227 708 3299 Pseudophilippo
751 3228 822 3299 pian.
836 3229 927 3281 Civ.I.
940 3229 992 3282 An.
1006 3229 1041 3281 U.
1055 3229 1121 3297 659.

199 3309 389 3379 triumphasse,
406 3328 494 3380 quumv
509 3307 595 3361 adhuc
611 3320 709 3378 praetor
793 3308 819 3360 3.
830 3309 944 3377 Largitus
955 3322 997 3361 est.
1009 3309 1076 3362 Nam
1086 3321 1213 3381 occupata
1223 3328 1264 3363 re·

199 3403 277 3451 esset,
294 3403 319 3442 et
330 3402 471 3462 antequam
485 3389 649 3442 consulatum
662 3407 708 3459 pe·
751 3388 870 3458 publica,
885 3390 1094 3460 proscriptorum
1108 3391 1207 3442 civium
1216 3391 1265 3443 bo·

199 3481 275 3522 teret.
291 3470 412 3523 Valerius
427 3481 513 3520 autem
531 3468 638 3530 scribit,
652 3467 709 3520 Me·
752 3486 786 3518 na
803 3466 926 3533 donavit,
946 3470 1130 3540 magistratus,
1150 3471 1261 3540 provin·

200 3549 262 3601 tello
275 3550 400 3601 Achaiam
416 3561 443 3600 et
456 3545 639 3600 Macedoniam
649 3560 710 3617 post
752 3547 804 3599 cias
819 3561 897 3619 atque
910 3549 1021 3620 imperia
1032 3568 1081 3619 pro
1093 3567 1139 3601 sua
1150 3548 1264 3602 libidine

200 3629 349 3682 consulatus
370 3629 503 3700 repulsam
525 3626 612 3679 datam
634 3646 708 3693 esse3
752 3625 897 3680 distribuit.

201 3708 272 3779 quod
293 3728 376 3779 quum
394 3707 532 3759 manifesto
551 3708 645 3759 falsum
666 3707 709 3773 sit,
793 3709 974 3777 4.Abrogavit.
983 3708 1043 3760 Illas
1052 3708 1191 3773 nimirum,
1203 3727 1264 3780 quae

200 3789 276 3859 Pigh.
295 3801 396 3841 textum
416 3787 547 3857 corrigere
560 3788 659 3851 voluit,
675 3806 709 3838 ne
752 3787 805 3839 suis
817 3789 965 3840 rationibus
976 3788 1141 3845 obsisterent,
1153 3800 1179 3839 et
1193 3807 1263 3858 prac-

201 3869 324 3927 Valerius
338 3867 435 3919 erroris
450 3867 597 3919 insimulari
614 3879 707 3938 posset.
752 3868 842 3919 sertim
855 3887 938 3937 quum
948 3867 1134 3920 civesaMario
1150 3869 1263 3938 proscri-

244 3966 266 4000 1.
281 3947 459 4001 Macedoniam.
472 3947 591 3998 Achaiam
602 3947 709 4017 Pighius
753 3960 812 4016 ptos
823 3960 965 3998 revocaret.

200 4028 340 4099 expunxit.
354 4039 379 4078 et
391 4027 533 4095 Hispaniam
543 4026 639 4080 addere
652 4027 708 4079 Ma·
797 4026 823 4079 5.
846 4026 916 4079 Cato.
931 4029 979 4079 An.
995 4028 1028 4079 U.
1046 4030 1111 4094 698.
1128 4026 1263 4080 Plutarch.
