2678 4808
129 366 226 434 CAP.
254 364 324 449 ΙΙΙ,
351 365 413 431 DE
441 365 591 431 VAFRE
620 366 740 433 DlCT.
768 367 862 433 AUT
890 365 1013 435 FACT.
1071 393 1119 462 ²9
1184 412 1187 420 ·

52 522 118 569 non
141 496 276 593 reliquit
294 497 329 565 id
345 496 472 567 factum
489 496 668 585 damnare,
686 497 775 591 quod
792 500 855 592 ipsi
877 498 948 567 fieri
969 499 1120 570 debuisse

48 596 288 700 judicaverant.

106 725 141 796 8.
164 722 259 793 Alter
279 723 358 791 item
380 719 564 791 Hannibal¹
578 721 718 789 Fabium
738 723 943 809 Maximum,
964 726 1121 794 invictam

53 855 223 901 armorum
243 853 379 899 suorum
398 831 466 896 vim
482 827 704 898 saluberrimis
722 829 987 899 cunctationibus
1002 855 1123 926 pugnae

54 936 300 1023 ludificantem,
319 949 358 1003 ut
377 933 487 1027 aliqua
511 935 696 1028 suspicione
717 935 870 1003 trahendi
892 935 968 1004 belli
989 960 1121 1031 resper-

55 1058 167 1138 geret,
182 1043 284 1111 totius
297 1040 399 1111 ltaliae
412 1063 509 1134 agros
524 1039 613 1108 ferro
629 1055 728 1134 atque
744 1043 812 1135 igni
828 1041 1010 1129 vastando,
1023 1046 1122 1112 unius

55 1150 125 1246 ejus
154 1147 296 1217 fundum
321 1147 501 1216 immunem
528 1145 571 1217 ab
599 1147 664 1215 hoc
691 1148 817 1240 injuriae
840 1171 960 1241 genere
982 1147 1121 1243 reliquit

56 1254 254 1325 Profecisset
278 1252 401 1347 aliquid
425 1254 508 1322 tanti
534 1252 686 1322 beneficii
711 1254 866 1322 insidiosa
893 1255 1124 1342 adumbratio,

57 1363 117 1430 nisi
141 1385 287 1439 romanae
313 1359 389 1429 urbi
416 1373 449 1426 et
476 1360 567 1427 Fabii
593 1359 725 1452 pietas,
758 1375 791 1429 et
819 1360 1012 1430 Hannibalis
1039 1363 1125 1431 vafri

58 1493 167 1537 mores
188 1466 325 1537 fuissent
345 1467 514 1537 notissimi.
1080 1454 1082 1459 ’

110 1615 146 1686 9.
168 1589 363 1658 Tusculanis
380 1589 477 1657 etiam
494 1585 789 1656 acumine'consilii
804 1586 1013 1658 incolumitas
1031 1605 1127 1685 parta

59 1695 145 1766 est²:
164 1721 268 1790 quum
293 1696 382 1763 enim
402 1694 527 1763 crebris
549 1679 837 1763 rebellationibus³
859 1696 1071 1784 meruissent,
1089 1711 1127 1765 ut

61 1828 176 1872 eorum
189 1801 307 1870 urbem
323 1800 470 1870 funditus
486 1801 629 1868 Romani
648 1814 796 1868 evertere
813 1799 953 1890 vellent,
967 1815 1068 1897 atque
1084 1803 1128 1871 ad

62 1910 94 1978 id
110 1908 357 2002 exsequendum
378 1909 497 1975 Furius
518 1905 693 1990 Camillus,
713 1908 876 1976 maximus
893 1907 980 1994 dux,
997 1907 1128 1979 validis·

61 2017 143 2091 simo
168 2018 349 2083 instructus
372 2015 519 2081 exercitu
539 2015 701 2096 venisset3
718 2015 863 2081 universi
885 2016 913 2082 ei
940 2017 1043 2110 togati
1064 2016 1127 2085 ob-

62 2123 147 2190 viam
165 2123 414 2215 processerunt,
433 2134 701 2212 commeatusque
719 2133 753 2188 et
771 2134 889 2188 caetera
907 2123 996 2215 pacis
1015 2124 1129 2189 munia

62 2227 294 2322 benignissime
312 2227 544 2320 praestiterunt
558 2227 735 2294 Armatum
752 2227 852 2293 etiam
870 2227 994 2296 intrare
1008 2231 1130 2296 moenia
1213 2302 1218 2322 ,

64 2336 148 2427 passi
169 2347 261 2418 sunt,
276 2357 336 2400 nec
357 2330 468 2417 vultu,
482 2354 544 2400 nec
564 2331 679 2399 habitu
697 2346 834 2401 mutato.
851 2333 927 2420 Qua
945 2336 1129 2403 constantia

64 2437 306 2532 tranquillitatis
318 2464 386 2506 non
403 2436 510 2505 solum
521 2437 564 2505 ad
577 2438 728 2507 amicitias
739 2452 860 2506 nostrae
870 2439 944 2530 jus,
958 2438 1015 2507 sed
1029 2442 1128 2508 etiam

65 2545 105 2613 ad
122 2547 393 2614 communionem
411 2545 553 2612 civitatis
570 2530 709 2637 usqucl,
727 2559 993 2638 penetraverunt.
1011 2547 1128 2641 Sagaci

65 2650 261 2720 herculensi
276 2648 500 2744 simplicitate;
513 2651 670 2743 quoniam
682 2652 791 2744 aptius
804 2675 875 2720 esse
889 2650 1127 2738 intellexerant,

67 2772 191 2825 metum
211 2756 321 2826 officio
342 2755 561 2842 dissimulare,
574 2780 673 2849 quarn
694 2759 793 2825 armis
813 2772 997 2851 protegere.

123 2899 180 2944 10.
204 2878 249 2944 At
260 2873 460 2944 Volscorum
479 2874 572 2942 ducis
591 2873 678 2942 Tulli
699 2872 897 2942 exsecrabile
915 2861 1129 2959 consilium⁵3

108 3096 132 3130 1.
146 3077 222 3129 Alter
234 3079 289 3127 item
299 3075 433 3127 Hannibal.
442 3074 514 3128 Ultr.
524 3093 573 3126 sec.
618 3074 702 3139 XIV,
718 3073 764 3126 31.
774 3073 944 3126 -Macimus
957 3074 1015 3126 daca.
1032 3075 1128 3146 Copes.

69 3170 93 3209 et
106 3157 164 3209 alite
178 3156 252 3208 Alter
262 3154 398 3209 Hannibal.
415 3154 488 3208 Harl.
504 3154 578 3206 Alter
619 3154 719 3206 omittit
728 3153 875 3224 daaa;Pigh·.
886 3173 977 3207 vocem
990 3166 1130 3227 utramque

70 3236 349 3296 Fabirun,omissoitem
357 3235 489 3296 Hannibal,
498 3252 577 3304 quarn
620 3233 700 3303 ejicit.
714 3233 765 3286 sed
778 3233 923 3286 Torrenius
938 3252 969 3286 ex
984 3235 1062 3304 genio
1075 3236 1130 3288 Va·

69 3316 207 3386 lectionem
215 3314 579 3367 nonsinecausaveramTor-
620 3313 678 3365 lerii
695 3311 810 3383 judicat,
826 3314 904 3368 ambo
921 3313 1009 3366 adesse
1024 3312 1130 3369 debere.

69 3415 123 3448 ren.
134 3394 434 3467 arbitratur‚suspicans
445 3397 500 3446 item
508 3394 579 3445 Han·
620 3393 694 3446 Facit
706 3394 777 3446 enim
792 3392 827 3446 ad
839 3412 897 3457 rem
910 3392 1131 3464 exaggerandam,

70 3475 136 3526 nibal
147 3493 163 3527 e
177 3475 262 3545 glossa
277 3475 306 3526 in
319 3486 420 3527 textum
434 3473 577 3544 irrepsisse.
621 3470 694 3544 quod
715 3478 830 3526 maximus
852 3473 902 3526 drea
916 3493 968 3524 cum
983 3473 1132 3527 colliminio

70 3586 108 3597 -
115 3555 229 3625 Reliquit.
237 3556 288 3606 An.
296 3555 332 3607 U.
342 3553 475 3607 536.Liv.
483 3553 579 3619 XXII,
620 3565 720 3604 uenerat
727 3558 831 3604 exercitu
841 3553 876 3604 ad
884 3553 1030 3605 evertendam
1041 3554 1130 3608 urbem.

73 3634 123 3700 233
136 3634 208 3689 Plut.
220 3633 497 3699 intab103Fr0nt.1‚
512 3636 539 3686 8.
659 3639 689 3690 ’4.
713 3632 800 3705 Usque.
817 3632 1002 3702 Praepositioni
1017 3634 1052 3685 ad
1069 3635 1132 3687 sub·

111 3733 137 3766 a.
157 3714 238 3766 Parta
253 3726 297 3766 est.
312 3714 363 3765 An.
382 3713 418 3766 U.
440 3712 504 3783 373.
520 3712 579 3774 niv.
619 3712 667 3783 jici
682 3732 768 3784 usque,
784 3713 806 3764 si
821 3713 932 3764 verbum
947 3725 1074 3784 panatrm
1091 3733 1130 3766 se·

72 3793 191 3861 vl,as;
206 3792 278 3847 Plut.
290 3795 319 3846 in
330 3793 434 3845 Camill.
622 3804 731 3862 quatiar,
747 3810 841 3862 resque
857 3791 939 3846 ardua
954 3793 1131 3864 significetur,

111 3875 138 3928 3.
158 3872 370 3936 Rebeltarion'bns,
387 3873 449 3924 Vox
471 3891 486 3924 e
507 3871 579 3942 vulgi
621 3871 754 3924 neminem
770 3870 846 3942 fugit.

73 3951 177 4007 dicendi
200 3972 291 4018 more,
310 3965 341 4005 ut
357 3952 467 4004 Vossius
487 3964 579 4023 putat,
665 3952 690 4003 5.
706 3950 844 4004 Consilium.
866 3954 917 4006 An.
936 3952 972 4004 U.
993 3955 1058 4014 264.
1073 3952 1133 4004 Liv.

75 4045 212 4106 assumpta.
225 4031 291 4087 vid.
310 4045 398 4086 tamen
409 4031 495 4086 Tacit.
509 4034 578 4083 Anu.
623 4031 666 4095 11,
684 4031 737 4101 37,
753 4044 817 4084 tom.
831 4032 862 4097 l,
874 4051 934 4102 pag.
948 4031 1022 4095 250,
1037 4044 1134 4084 nostru
