2678 4808
132 385 181 469 48
309 382 535 451 VALERII
568 381 1017 459 MAXIMILIB.V11.
1069 368 1071 372 ¹

130 513 228 584 titulo
243 513 381 582 feritatis
396 515 571 607 superavit.
585 515 673 583 Nam
686 537 759 607 quae
771 510 833 580 illis
848 509 957 580 dulcia
969 512 1047 579 vitae
1061 513 1200 605 pignora

131 621 269 715 proprio
295 619 413 713 spiritu
441 621 567 695 cariora
593 633 689 705 sunt,
712 642 751 687 ea
776 616 1036 712 Calagurritanis
1063 617 1201 712 prandia

129 741 230 821 atque
252 750 354 795 coenae
374 726 578 794 exstiterunt.

394 867 419 889 l
480 942 715 1031 CAPUT
746 942 859 1029 VII.

421 1147 478 1212 De
498 1151 710 1214 testamentis
729 1143 907 1212 rescnsir¹.

134 1332 155 1360 r.
167 1316 240 1360 Patris
252 1316 294 1376 qui
305 1314 379 1360 filium
394 1314 580 1360 exheredaverat.
592 1341 624 1350 -
636 1315 705 1361 csM.
717 1286 801 1360 Anneli
813 1313 953 1361 Carseolani.
965 1339 996 1348 -
1008 1314 1031 1360 3.
1043 1314 1069 1361 C.
1082 1314 1161 1361 'rectu
1171 1340 1202 1350 -

161 1403 184 1451 4.
195 1395 303 1457 Septiciae
317 1394 485 1441 Trachalorum
495 1395 583 1441 matris.
594 1421 625 1430 -
637 1395 660 1442 5.
671 1393 773 1442 Terentii
783 1393 912 1454 cujusdam.
923 1420 954 1430 —
964 1392 987 1440 6.
1004 1395 1111 1441 Naevieni
1122 1397 1202 1456 cujus-

161 1475 223 1520 dam.
235 1499 267 1508 -
279 1489 300 1533 7.
312 1473 416 1519 Juventii
427 1472 555 1533 cujusdam.

184 1637 352 1704 Vacemus
371 1659 460 1702 nunc
477 1636 628 1728 negotio,
640 1622 731 1728 quod
748 1649 900 1703 actorum
916 1634 1058 1702 hominis
1074 1648 1108 1703 et
1124 1659 1204 1728 prae

67 1731 69 1735 ’
134 1742 238 1836 cipuae
253 1767 358 1828 curae,
372 1755 406 1809 et
418 1740 527 1808 ultimi
544 1755 593 1808 est
607 1743 787 1834 temporis:
806 1740 1116 1834 consideremusque
1130 1765 1204 1835 quae

133 1861 330 1916 testamenta
359 1861 416 1914 aut
443 1848 581 1915 rescissa
603 1861 679 1914 sunt
700 1845 844 1940 legitime
867 1846 977 1930 facta3
994 1861 1078 1933 aut,
1100 1872 1205 1941 quum

134 1956 252 2023 merito
270 1952 412 2021 rescindi
428 1966 579 2046 possent,
598 1967 669 2021 rata
688 1968 903 2022 manserunt:
923 1977 1038 2047 quaeve
1060 1952 1103 2022 ad
1123 1952 1205 2022 alios

133 2084 232 2154 quarn
256 2062 312 2153 qui
334 2057 590 2152 exspectabant,
608 2057 792 2127 honorem²
811 2058 1001 2127 hereditatis
1024 2057 1205 2128 transtule-

134 2181 220 2234 runt.

194 2297 222 2340 1.
246 2274 355 2364 Atque
374 2272 435 2338 ista
457 2284 496 2338 ut
514 2271 647 2359 ordine,
667 2297 735 2366 quo
753 2272 930 2366 proposui,
949 2295 1126 2365 exsequar,
1143 2273 1206 2339 mi·

133 2377 259 2446 litantis
283 2376 453 2470 cujusdam
482 2392 577 2471 pater
592 2364 616 2465 ³,
637 2403 740 2471 quum
764 2377 805 2446 de
827 2392 934 2447 morte
961 2377 1019 2445 filii
1044 2376 1163 2446 falsum
1188 2403 1207 2446 e

135 2485 252 2552 castris
273 2484 425 2551 nuntium
444 2486 638 2578 accepisset,
657 2483 728 2552 aliis
746 2484 923 2552 heredibus
943 2484 1072 2577 scriptis
1092 2483 1207 2554 deces-

138 2591 187 2658 sit.
211 2590 356 2658 Peractis
379 2589 496 2658 deinde
518 2577 719 2684 stipendiisl,
739 2589 929 2658 adolescens
950 2614 1123 2676 reversus,
1146 2590 1207 2658 do·

135 2720 228 2764 mum
244 2697 490 2790 errorepatris,
502 2696 770 2790 impudentiaquc
783 2697 967 2764 amicorum
983 2696 1044 2763 sibi
1059 2695 1208 2764 clausam

136 2805 267 2896 reperit.
280 2802 371 2890 Quid
386 2804 474 2870 enim
490 2801 551 2870 illis
565 2801 842 2870 inverecundius?
855 2803 971 2871 florem
983 2802 1130 2895 juventae
1144 2828 1208 2896 pro

182 3023 208 3058 1.
219 3006 341 3056 descissis.
352 3004 410 3055 Hoc
423 3015 502 3074 caput
512 3002 652 3054 illustravit
695 3000 728 3054 ad
744 3003 805 3055 fam.
819 3003 863 3067 II,
881 3021 903 3055 1.
917 3003 1094 3063 —Rerensus‚
1111 3001 1209 3054 domum

139 3084 319 3154 Schultingius
341 3083 528 3135 exercitatione
552 3100 598 3133 sua
623 3081 652 3132 de
695 3102 773 3133 errore
796 3086 922 3151 patris...
951 3087 1044 3152 reperit.
1070 3083 1103 3135 In
1128 3081 1208 3135 MSS.

141 3178 194 3218 test.
210 3168 325 3227 rescissis,
339 3181 419 3232 quam
432 3174 528 3213 nostrae
541 3159 652 3212 editioni
695 3172 721 3212 et
745 3161 906 3213 editionibus
924 3174 988 3213 vett.
1011 3161 1121 3231 legitur,
1145 3162 1209 3213 ado-

140 3246 308 3298 inseruimus.
695 3241 781 3292 lescens
797 3241 891 3291 domum
904 3245 967 3310 petit
988 3232 1049 3308 (vel
1059 3237 1160 3310 petiit,)
1173 3261 1210 3293 en·

184 3317 652 3377 2.Honorem.Sicutexheredatiosae·
695 3340 748 3371 rore
764 3324 842 3390 putris
861 3321 1063 3390 imprudentemque
1078 3321 1210 3372 animorum

141 3405 201 3475 pius
216 3400 390 3464 contumelia,
406 3399 571 3452 contumeliae
585 3399 654 3452 ludi·
695 3401 789 3450 domum
804 3400 850 3451 sibi
864 3402 970 3451 clausam
988 3404 1083 3470 reperit.
1102 3401 1209 3468 Domum

141 3484 231 3535 brium
253 3481 361 3550 injuria;
381 3479 418 3532 sic
433 3477 564 3531 hereditas
578 3480 654 3531 horror
695 3481 723 3530 in
735 3480 858 3532 omnibus
868 3481 1033 3551 geminatur,
1046 3478 1093 3532 sed
1107 3480 1136 3530 in
1151 3482 1212 3551 qui·

139 3563 302 3615 nominatur.
695 3558 805 3612 busdam
815 3561 910 3613 iterum
919 3573 979 3631 post
984 3560 1209 3629 petitcollocatnr.

185 3643 211 3693 3.
226 3642 309 3692 Pater.
320 3638 384 3691 Vid.
396 3639 451 3691 Cic.
460 3635 492 3690 de
503 3638 551 3690 Or.
563 3640 590 3704 I,
606 3641 651 3691 38.
696 3639 824 3692 Nonnulli
839 3642 1011 3711 imprudentia,
1031 3638 1077 3691 sed
1098 3640 1211 3692 omnino

185 3727 210 3784 4.
220 3719 476 3789 Stipendiis.Expleto
483 3717 583 3771 militiae
590 3730 653 3770 tem·
695 3721 771 3772 male.
781 3721 955 3789 impudentiam
965 3719 1074 3790 respicit
1081 3717 1156 3789 quod
1168 3738 1211 3771 se·

141 3819 208 3871 pore
221 3801 254 3851 ab
265 3818 335 3850 anno
350 3799 448 3863 XVII,
459 3789 492 3850 ad
507 3798 597 3850 XLVI
609 3817 652 3850 us·
694 3802 799 3870 quitur,
810 3801 870 3871 quid
876 3804 938 3851 enirn
950 3802 998 3852 illis
1012 3798 1212 3851 inverecundius?

142 3879 417 3951 quc-Adolescens.
434 3878 520 3929 Etiam
535 3889 650 3948 postan·
696 3899 799 3932 reversus
821 3899 951 3950 nusquam
973 3891 1102 3951 apparet,
1127 3896 1213 3948 quere

141 3979 206 4011 num
221 3958 383 4029 trigesimum
403 3957 559 4008 adolescentes
572 3976 650 4010 voca·
694 3959 827 4012 Torrenio
841 3972 867 4011 et
881 3960 987 4031 Kappio
1003 3956 1165 4029 ejiciendum
1174 3959 1214 4011 vi·

141 4052 181 4091 tos
197 4037 312 4092 ostendit
327 4039 428 4090 Manut.
445 4036 479 4091 ad
495 4037 550 4090 Cic.
565 4037 648 4107 Epist.
694 4036 780 4091 detur.
