2678 4808
209 384 302 450 CAP.
331 383 400 467 111,
427 384 489 450 DE
516 383 665 450 VAFRE
694 383 810 450 DICT.
840 385 932 452 AUT
958 384 1081 452 FACT.
1143 382 1190 454 αδ

131 515 183 584 fici
202 515 351 609 juberet3
373 515 549 583 asinarium
572 513 658 583 forte
678 528 756 582 ante
773 538 889 583 omnes
903 515 1035 584 obviam
1050 514 1192 604 factum,

130 621 171 692 ad
188 635 330 690 mortem
345 620 451 714 abripi
466 622 659 715 imperasset
669 619 695 708 ι;
709 644 815 715 eoque
826 636 1009 715 quaerente,
1027 622 1191 716 quidnam

129 752 166 796 se
179 733 405 796 immerentem
418 730 566 822 capitali
575 729 742 822 supplicio
760 733 1037 822 ritrtocerrtemqtoe
1054 729 1192 798 addice·

130 850 195 919 ret,
205 858 307 927 quum
319 833 361 902 ad
374 833 596 902 excusandum
610 834 733 903 factum
744 856 840 903 suum
853 834 979 904 oraculi
989 849 1191 930 preceptum

130 937 307 1026 retulisset,
327 941 502 1027 asinarius,
520 943 562 1011 Si
576 946 630 1009 ita
650 957 717 1028 est,
739 942 868 1035 inquit,
888 965 969 1028 rex,
991 943 1097 1010 aldem
1117 965 1193 1010 sors

130 1046 207 1114 diue
224 1050 327 1114 morti
340 1046 543 1132 destinarem
563 1072 645 1116 nam
663 1049 810 1134 asellus,
833 1072 933 1140 quem
952 1071 1017 1142 ego
1038 1062 1122 1116 ante
1139 1072 1194 1117 me

131 1151 301 1245 agebam,
326 1159 429 1248 prior
461 1154 523 1222 tibi
549 1160 702 1225 occurrit.
732 1152 923 1222 Delectatus
950 1153 1137 1222 Alexander
1159 1169 1193 1222 et
1282 1241 1284 1245 .

131 1256 214 1326 illius
232 1273 302 1326 tam
324 1258 442 1329 callido
462 1259 568 1346 dieto,
587 1275 621 1329 et
642 1261 731 1354 quod
749 1260 792 1327 ab
807 1284 920 1328 errore
935 1261 1004 1355 ipse
1018 1275 1193 1328 revocatus

132 1378 223 1451 erat,
253 1368 461 1435 occasionem
483 1368 516 1435 in
537 1365 705 1460 aliquanto
731 1366 845 1435 viliore
867 1365 1000 1435 animali
1023 1367 1194 1461 expiandae

132 1470 297 1565 religionis
313 1474 431 1566 rapuit.
448 1475 585 1542 Summa
605 1475 639 1542 in
660 1474 824 1542 hoc‘cum
843 1471 1020 1541 calliditate
1037 1496 1191 1541 mansue-

132 1577 211 1646 tudo
225 1604 234 1647 ε
250 1595 379 1647 summa
392 1604 523 1672 quoque
537 1581 571 1646 in
585 1578 717 1648 alterius
733 1580 820 1673 regis
833 1581 990 1672 equisone
1003 1577 1192 1648 calliditas².

185 1733 217 1778 α.
246 1709 387 1778 Sordida
405 1712 582 1805 Magorum
602 1695 847 1779 dominatione³
867 1735 1043 1804 oppressa,
1070 1712 1192 1779 Darius

134 1840 186 1885 sex
200 1815 408 1907 adjutoribus
417 1816 564 1906 ejusdem
579 1815 750 1910 dignitatis
759 1817 952 1909 assumptis,
966 1830 1100 1909 pactum
1116 1842 1192 1885 cum

132 1921 279 2016 praeclari
295 1922 403 2014 operis
421 1920 628 1990 consortibus
645 1921 739 2006 fecit,
751 1935 789 1989 ut
801 1922 893 2014 equis
910 1921 1105 2010 insidentes,
1118 1921 1193 1991 solis

173 2149 198 2184 1.
219 2130 266 2182 Ad
282 2142 378 2182 mortem
401 2130 481 2200 abripi
494 2135 638 2201 imperasset.
682 2125 730 2190 re)
748 2132 858 2201 equitasse
876 2135 940 2198 regis
959 2132 1058 2182 alterius
1079 2126 1193 2201 (nempe

131 2208 213 2263 Aldus
221 2223 249 2263 et
258 2210 305 2264 atii
313 2229 375 2262 eum
385 2211 489 2281 sequuti
502 2211 638 2280 legerunt:
682 2206 781 2271 Darii).

132 2290 165 2340 ad
182 2302 280 2341 mortem
300 2293 376 2360 arripi
396 2294 526 2359 imperarit.
545 2291 638 2363 quue.
724 2290 751 2343 3.
773 2290 951 2345 Dominatiorre.
968 2288 1034 2343 vid.
1049 2291 1148 2345 lustin.
1163 2293 1193 2358 1,

131 2370 253 2421 Attamen
262 2370 349 2440 Kapp.
360 2369 454 2422 maluit
463 2370 554 2440 abripi,
566 2368 639 2441 quod
686 2387 734 2434 103
748 2367 875 2421 Herodot.
889 2370 944 2435 111,
958 2369 1004 2423 8⁵.
1011 2403 1051 2412 —
1061 2371 1191 2441 Oppressa.

130 2448 159 2499 in
165 2449 236 2501 Ultr.
245 2468 295 2501 sec.
304 2447 378 2501 Leid.
387 2460 447 2502 tert.
457 2461 542 2520 quart.
552 2450 638 2520 quint,
682 2449 762 2501 Multi
777 2449 877 2500 Perside
890 2469 1009 2519 oppressa.
1026 2448 1077 2502 Sed
1092 2463 1193 2503 veteres

131 2540 157 2580 et
167 2529 195 2581 in
204 2527 247 2580 ed.
256 2529 328 2599 Mog.
338 2529 482 2583 invenitur.
491 2530 638 2601 Supra,11,
681 2529 743 2583 libri
763 2542 834 2582 recte
857 2530 984 2582 omittunt
1011 2531 1119 2582 Perside.
1141 2531 1193 2582 lies

132 2609 273 2677 7,6;111‚
289 2612 379 2671 8,ext.
393 2609 540 2675 33Terent.
554 2608 638 2663 Andr.
683 2609 755 2660 enim
775 2607 870 2662 accidit
885 2609 968 2680 Magis
988 2613 1042 2679 jam
1060 2610 1192 2682 oppressis

130 2686 180 2753 IV,
196 2692 226 2753 4,
240 2695 292 2756 47;
308 2687 363 2741 Cic.
374 2689 452 2741 Verr.
469 2690 518 2750 tv,
539 2708 583 2742 ro.
600 2723 640 2732 -
682 2700 708 2740 et
720 2689 828 2750 occisis,
848 2708 878 2741 ac
897 2687 1010 2742 Perside
1019 2690 1137 2743 liberata.
1152 2721 1192 2732 -

130 2766 272 2836 imperasset
288 2785 353 2819 vero
372 2787 422 2838 pro
441 2771 575 2838 imperavit,
590 2776 640 2840 po'·
682 2767 739 2820 Sea
749 2767 793 2820 Sic
804 2769 904 2839 optime
915 2771 1085 2840 conjecerunt
1094 2770 1194 2822 Gerar·

129 2846 210 2908 stulet
223 2865 306 2918 Qum
317 2849 480 2901 constructio
493 2848 638 2914 orationis,
683 2847 735 2899 tius
750 2860 777 2900 et
787 2849 937 2919 Rupes-tum
953 2867 1015 2900 nam
1027 2848 1090 2901 libri
1103 2848 1194 2919 scripti

129 2938 187 2978 tum
195 2927 640 2998 majorparslibroeum.llecteita·
683 2940 728 2978 aut
745 2925 811 2978 editi
832 2946 882 2998 pro
900 2947 942 2978 see
958 2940 1003 2979 aut
1017 2927 1117 2979 habent
1135 2947 1191 2988 ree,

129 3022 182 3075 que
195 3006 342 3059 Torrenius
356 3005 441 3060 edidit
455 3012 600 3078 imperasset,
614 3021 640 3060 et
683 3019 727 3058 eut
741 3006 812 3059 hanc
829 3024 922 3059 vocem
936 3025 1044 3077 prorsus
1057 3007 1194 3060 omittant.

127 3083 327 3141 distinctionem
345 3089 472 3158 majorem
490 3100 550 3158 post
567 3091 640 3158 impe-
684 3086 1195 3157 AssumpsitDariusseeadjutores,qurum

127 3178 236 3234 parasset
247 3164 360 3231 delevit,
372 3168 501 3238 probante
519 3168 640 3220 Perizon.
684 3166 1195 3238 Maguminterlicereinanimobaberet3

130 3245 180 3315 qui
196 3258 321 3316 praterea
343 3247 412 3299 bene
429 3260 519 3314 notat,
540 3246 640 3318 epodo·
684 3260 711 3300 et
721 3247 828 3299 fueram
841 3245 885 3298 isti
894 3245 1026 3318 adjutores
1039 3247 1143 3315 ejusdem
1156 3247 1194 3301 di-

129 3324 172 3377 sin
185 3325 290 3395 periodi
304 3327 379 3397 sequi
389 3326 496 3379 demum
508 3346 522 3379 e
534 3327 640 3381 verbis:
683 3330 864 3397 pristinaque
869 3344 947 3379 voces
954 3345 1009 3378 non
1017 3326 1127 3397 intelligi
1133 3344 1196 3399 pos·

129 3404 262 3458 Asinarirss
284 3409 368 3477 mqait.
391 3406 533 3461 Coherent
554 3408 640 3474 enim,
684 3405 1198 3476 sint,silegasrea.—Adjutoridru.No·

129 3502 203 3554 quum
215 3487 358 3538 Akaander
370 3490 516 3557 imperasset,
530 3499 558 3540 et
571 3507 641 3560 quum
684 3486 797 3550 bilibus,
811 3486 857 3557 qui
874 3504 936 3538 cum
949 3487 1031 3537 Dario
1045 3504 1135 3556 magos
1146 3506 1196 3558 op·

130 3583 158 3615 eo
169 3577 288 3636 quarente
300 3567 424 3620 mamm.
684 3577 840 3637 presserant.
847 3565 959 3618 -Soiis
967 3577 1029 3619 ortu
1037 3567 1129 3631 Quum
1137 3568 1200 3619 Per·

174 3663 200 3697 a.
231 3645 371 3697 Calliditas.
396 3647 472 3698 Hanc
500 3645 642 3717 periodum
685 3664 733 3711 ste,
751 3647 819 3698 sicut
838 3658 865 3698 et
881 3664 953 3698 nunc
972 3645 1068 3698 Gebrae
1091 3647 1196 3717 ignem,

130 3723 255 3794 Kappius
266 3725 303 3777 sic
314 3726 520 3796 interpretatur:
540 3730 584 3776 ein
599 3729 642 3778 itae
685 3725 783 3789 solem,
802 3738 935 3796 tamquam
952 3737 1080 3779 arternum
1093 3725 1196 3798 ignem,

130 3796 300 3874 (exemplo)
316 3818 342 3856 et
352 3824 443 3858 summa
460 3806 581 3857 calliditas
594 3803 641 3874 (in
685 3804 837 3870 adorarent,
851 3817 892 3871 et,
903 3803 1128 3876 quemadmodum
1142 3808 1196 3857 Ro·

130 3880 268 3946 Asinerio)
277 3897 302 3935 et
315 3905 406 3936 summa
419 3885 573 3938 mansuetudo
590 3882 600 3948 (
614 3886 642 3936 in
686 3886 757 3937 mani
771 3885 855 3937 corvis
867 3885 1012 3956 Apollinis,
1021 3885 1059 3937 sic
1071 3904 1140 3957 equo
1154 3904 1196 3938 so·

129 3963 483 4037 regeAlexandro)conspiei
491 3977 577 4036 potest.
590 3965 642 4018 Nee
685 3965 718 4017 lis
736 3965 901 4018 voluntatem
918 3964 1030 4019 revelari
1049 3984 1126 4036 posse
1140 3982 1197 4017 cre-

132 4048 208 4094 minus
215 4064 308 4096 summa
315 4046 435 4098 calliditas
439 4049 525 4113 saitin
537 4042 547 4108 (
552 4046 641 4098 otthe-
685 4043 794 4106 dorent,
810 4042 883 4115 quod
903 4056 930 4096 et
949 4045 978 4096 in
989 4042 1121 4105 Venedis,
1140 4045 1197 4098 sine
