2678 4808
139 342 187 413 50
321 344 542 439 VALERII
570 343 776 410 MAXIMI
803 344 901 411 LIB.
930 347 1019 413 VII.

136 475 250 569 pilius,
267 498 351 567 quos
372 475 419 542 Μ.
439 475 586 561 Anneius
608 475 768 569 sanguine
788 474 850 543 sibi
873 477 1068 569 conjunctos
1088 477 1204 546 eadem

136 607 177 649 ex
204 594 316 676 parte,
338 603 404 673 qua
424 578 629 667 Tullianum,
653 579 792 649 heredes
816 579 958 669 fecerat,
975 584 1204 653 sacramento¹

137 713 215 756 cum
228 681 473 755 adolescentulo
487 685 687 760 contendere
705 688 776 755 ausi
790 710 858 754 non
874 702 969 775 sunt;
982 691 1113 757 tametsi
1128 706 1206 786 pree

136 794 241 888 oipuis
260 816 300 860 eo
323 806 473 885 tempore
495 793 611 885 Magni
629 792 753 861 viribus
773 792 816 860 ad
832 788 1054 863 defendendas
1075 794 1206 887 tabulas

135 899 323 968 testamenti
349 898 480 965 invitari
508 910 682 992 poterant;
702 913 738 967 et
763 897 1001 992 aliquantulum
1028 901 1206 993 adjuvabat

136 1003 291 1090 heredes,
306 1003 397 1096 qtrod
414 1005 462 1071 tt.
475 1003 621 1071 Anneius
638 1003 674 1069 in
689 1002 873 1072 Sufenatis²
885 1004 1041 1074 familiam
1058 1031 1097 1075 ac
1112 1030 1206 1076 sacra

135 1111 325 1193 transierat,
348 1108 408 1178 sed
434 1109 654 1177 arctissimum
675 1110 761 1178 inter
787 1109 939 1179 homines
968 1115 1205 1206 procreationis

136 1215 325 1302 vinculum,
347 1217 450 1309 patris
473 1214 569 1313 simul
587 1211 813 1301 voluntatem,
831 1231 865 1285 et
885 1218 1044 1314 principis
1064 1220 1128 1286 viri
1148 1243 1205 1288 au·

134 1324 320 1391 ctoritatem
339 1322 515 1415 superavit.
603 1380 607 1385 .
682 1350 683 1354 ¹
1053 1315 1056 1322 ’

189 1439 221 1510 3.
244 1442 283 1510 C.
308 1454 419 1509 autem
441 1442 586 1508 Tettium
609 1439 811 1508 infantema
832 1453 928 1534 patre
948 1439 1205 1528 exheredatum,

134 1548 287 1616 Petronia
300 1561 424 1635 matre,
437 1569 537 1639 quam
550 1547 696 1632 Tettius,
708 1541 819 1639 quood
832 1547 933 1634 vixit,
945 1547 979 1613 in
992 1548 1205 1616 matrimonio

133 1653 311 1739 habuerat,
334 1667 466 1737 natum,
485 1652 584 1720 divus
603 1652 772 1745 Augustus
799 1656 835 1720 in
865 1651 958 1721 bona
970 1668 1131 1747 paterno
1158 1659 1207 1722 ire

132 1759 267 1828 decreto
288 1782 351 1826 suo
370 1758 487 1852 jussit,
515 1759 617 1852 patris
641 1759 756 1852 patriae
778 1759 889 1826 animo
914 1783 1017 1841 usus3
1046 1760 1205 1852 quoniam

134 1867 261 1933 Tettius
283 1865 317 1931 in
334 1865 471 1958 proprio
487 1866 562 1957 jure
580 1877 755 1959 procreato
773 1862 842 1931 filio
851 1849 876 1952 ³,
890 1888 1020 1933 summa
1045 1888 1123 1933 cum
1144 1866 1206 1934 ini·

135 1973 261 2064 quitate
281 1984 610 2064 paternum-nomen
630 1970 859 2064 abrogaverat.

188 2093 222 2176 4.
238 2090 381 2183 Septicia
399 2110 548 2183 quoque,
562 2103 668 2158 mater
677 2087 920 2160 Trachalorum
934 2090 1207 2178 Ariminensium,

135 2195 208 2264 filiis
226 2197 329 2280 irata,
344 2197 378 2263 in
398 2194 630 2264 contumeliam
649 2220 764 2265 eorum
776 2250 785 2284 ,
798 2221 901 2288 quum
914 2196 983 2288 jam
1001 2219 1117 2290 parere
1138 2220 1208 2264 non

125 2317 264 2401 posset,
282 2301 431 2372 Publicio
450 2302 520 2370 seui
538 2301 717 2371 admodum
739 2304 869 2397 nupsit,
889 2314 1086 2370 testamento
1106 2302 1208 2369 etiam

137 2423 280 2501 utroque
311 2408 496 2501 praeterito,
520 2433 540 2476 a
566 2409 684 2502 quibus
711 2407 818 2477 aditus
842 2407 939 2476 divus
965 2410 1154 2502 Augustus,
1174 2423 1209 2477 et

136 2514 269 2607 nuptias
293 2512 463 2600 mulieris,
485 2528 519 2582 et
542 2539 696 2608 suprema
715 2501 860 2607 judicia⁴
873 2514 1103 2608 ‚improbavit3
1128 2530 1208 2582 nam

137 2618 352 2688 hereditatem
375 2634 557 2688 maternam
579 2619 664 2690 filios
684 2621 808 2689 habere
830 2621 950 2713 jussit,
976 2621 1109 2707 dotem,
1130 2621 1209 2715 quia

136 2749 204 2792 non
225 2712 465 2794 creandorum⁵
482 2725 663 2795 liberorum
684 2751 784 2796 causa
803 2727 994 2821 conjugium
1014 2729 1208 2795 intercesse-

181 2944 205 2976 1.
218 2923 381 2978 Sacramenta.
391 2924 452 2976 Non
462 2937 565 2979 tanturn
575 2944 653 2996 spon·
694 2925 837 2989 alienatus,
851 2938 877 2977 et
893 2925 964 2977 illius
978 2926 1057 2976 sacris
1072 2926 1209 2992 initiatus,

138 3004 225 3072 none,
240 3003 286 3057 sed
304 3017 332 3056 et
345 3017 493 3056 sacramento
507 3006 652 3076 litigatores
694 3006 722 3057 in
735 3007 809 3077 cujus
823 3005 950 3057 familiam
963 3005 1111 3057 transierat.

139 3084 242 3136 romani
262 3083 423 3136 contendere
441 3085 569 3138 solebant.
587 3083 650 3137 Vid.
736 3087 761 3138 3.
779 3087 921 3159 Inlproprio
931 3087 988 3154 jure
1000 3097 1126 3155 procreato
1139 3085 1209 3154 filio.

138 3163 255 3216 Brisson.
262 3162 295 3215 de
305 3163 394 3216 Form.
403 3164 437 3215 V:
446 3165 534 3216 Varro
543 3164 612 3217 deL.
619 3166 649 3217 L.
694 3163 726 3216 Id
742 3177 795 3228 est,
805 3163 861 3215 lilio
871 3164 988 3234 legitime
999 3177 1151 3236 procreato,
1161 3184 1209 3218 ne·

138 3245 193 3307 tv,
202 3243 261 3295 haec
271 3243 369 3295 refert:
388 3269 399 3289 α
411 3262 440 3294 ea
454 3245 568 3313 pecunia
576 3283 584 3308 ,
592 3263 651 3315 quae
694 3263 746 3314 que
761 3261 827 3314 opus
843 3255 895 3306 est,
906 3256 935 3294 ut
947 3263 1007 3296 cum
1017 3243 1159 3296 Perizonio
1169 3246 1209 3298 le·

137 3323 165 3373 in
178 3321 308 3392 judicium
318 3323 392 3374 venit
409 3323 437 3373 in
450 3322 555 3387 litibus,
567 3343 650 3376 sacra·
694 3342 738 3394 gas
750 3342 757 3375 :
770 3326 794 3374 in
803 3325 902 3393 proprio
910 3361 917 3387 ‚
923 3325 993 3394 jure,
1002 3323 1208 3394 procreatofilio,

138 3414 373 3455 mentumasacro.
388 3403 443 3466 Qui
451 3405 558 3473 petebat
569 3417 595 3455 et
605 3405 651 3473 qui
693 3422 755 3454 nam
765 3401 822 3471 filio
838 3415 965 3472 procreato
980 3415 1018 3454 est
1036 3402 1151 3456 dativus.
1168 3437 1211 3445 —

137 3481 313 3545 infitiahatur,
328 3480 362 3534 de
378 3483 434 3533 aliis
447 3483 527 3534 rebus
541 3495 651 3553 uterque
694 3483 872 3552 Abrogaverut.
888 3484 1059 3553 Ejuruverat,
1073 3484 1212 3536 renuntia·

139 3562 172 3612 D.
186 3560 244 3612 aeris
258 3559 442 3632 deponebant:
456 3560 489 3613 de
503 3562 560 3614 aliis
572 3565 651 3614 rebus
694 3576 778 3624 verat,
788 3561 879 3617 idest,
894 3563 997 3614 Tettius
1008 3575 1083 3632 pater
1094 3582 1143 3615 suo
1152 3563 1211 3614 lilio

138 3639 287 3692 itemcerto
299 3642 350 3693 alio
361 3641 480 3712 legitimo
490 3660 602 3694 numero
614 3661 652 3694 as·
693 3661 748 3694 non
756 3643 877 3714 permisit
886 3655 916 3694 ut
925 3644 1108 3694 nominaretur
1118 3643 1153 3693 ab
1163 3642 1212 3694 illo

138 3721 281 3785 siquui
290 3720 392 3792 judicio
402 3721 512 3784 vicerat,
522 3741 599 3772 suum
610 3741 650 3774 sa·
690 3735 769 3791 pater.
995 3767 999 3774 ,

138 3812 301 3852 crumentum
314 3821 329 3852 a
343 3819 417 3852 sacro
430 3801 650 3866 auferebat;ricti
734 3809 760 3865 4.
782 3802 887 3852 ludicra.
905 3801 947 3852 Sic
972 3814 998 3853 et
1015 3801 1127 3853 Suetons
1140 3802 1211 3872 Aug.

138 3877 171 3929 ad
184 3882 306 3931 aerarium
320 3879 433 3931 redibat.
444 3905 455 3925 1»
695 3886 749 3943 66,
775 3893 928 3932 testamenta
955 3893 1048 3945 vocat,
1074 3898 1134 3950 quae
1158 3899 1213 3933 nos

181 3977 206 4016 a.
227 3959 360 4026 Sufenatis.
379 3961 428 4010 An.
450 3959 485 4011 U.
509 3961 564 4028 695
587 3961 648 4014 circ.
693 3980 824 4031 supremam
835 3962 982 4011 voluntatem
995 3979 1127 4012 vocamus.

137 4039 188 4089 Per
206 4037 377 4108 adoptionem
394 4036 533 4091 videbatur
547 4059 560 4091 a
574 4053 649 4110 patre
737 4042 761 4092 5.
780 4039 953 4091 Creanlorum.
964 4041 1024 4092 Non
1035 4039 1069 4092 ad
1084 4053 1212 4092 mutuum
