2678 4808
60 317 63 324 ⁴
134 387 178 430 ῃ
308 361 535 429 vanarn
563 362 771 447 mixtim
803 363 898 431 Lis.
934 365 1022 432 vu.

132 495 408 587 Obtemperatum
426 495 565 587 imperio
580 509 636 563 est.
658 493 720 562 Sed
738 493 818 562 dum
833 493 1049 565 adolescentis
1061 495 1195 565 dextera

132 602 227 668 irrito
246 625 280 666 se
299 598 411 667 labore
429 599 560 694 fatigat,
577 602 668 669 senio
682 601 833 669 confecta
848 625 965 670 manus
978 603 1194 671 ministerium

132 719 314 797 exsequuta
336 720 393 773 est.
416 708 511 774 Tunc
531 706 679 778 barbarae
700 708 873 792 concioni,
895 732 1052 801 quorsum
1078 732 1116 775 ea
1143 732 1195 776 res

134 811 299 893 tenderet,
324 836 524 904 cognoscere
552 814 720 906 cupientis
748 813 886 905 subjecit
913 839 920 880 :
948 815 1060 907 «Equi
1082 813 1195 882 caudae

133 916 336 985 consimilem
360 942 430 987 esse
446 918 616 986 nostrum¹
635 920 831 1004 exercitum,
847 919 939 1011 cujus
957 934 1067 1013 partes
1082 919 1196 1013 aliquis

133 1023 327 1117 aggrediens
341 1026 527 1118 opprimere
541 1025 643 1118 possit
662 1051 670 1092 ε
694 1027 883 1093 universum
898 1027 1035 1094 conatus
1051 1041 1194 1120 proster-

133 1154 230 1211 nere,
242 1129 379 1198 celerius
394 1130 563 1199 tradiderit
574 1132 761 1214 victoriam,
773 1155 872 1223 quam
885 1134 1130 1226 occupaverit.»
1145 1134 1197 1199 Ita

135 1261 214 1329 gens
237 1236 394 1321 barbara,
417 1261 549 1330 aspera,
570 1252 604 1305 et
622 1239 690 1331 regi
709 1235 866 1323 difficilis,
887 1238 921 1303 in
942 1239 1077 1305 exitium
1100 1263 1196 1306 suum

35 1399 37 1401 .
133 1367 249 1428 ruens,
265 1367 364 1434 quam
379 1342 553 1416 utilitatem
565 1343 700 1411 auribus
712 1356 899 1436 respuerat,
910 1342 1013 1411 oeulis
1026 1342 1196 1436 pervidit².

190 1499 222 1567 7.
245 1475 366 1542 Fabius
384 1489 494 1543 autem
514 1460 708 1560 Maximus³‚
728 1474 820 1567 cujus
842 1499 910 1542 non
932 1474 1106 1562 dimicare,
1126 1477 1197 1543 vin-

135 1603 210 1676 cere
227 1579 308 1671 fuit,
328 1606 430 1674 quum
452 1583 625 1676 praecipuae
644 1580 843 1648 fortitudinis
864 1580 1030 1648 Nolanum
1053 1581 1197 1674 peditem

136 1685 236 1753 dubia
258 1685 323 1754 fide
342 1702 549 1780 suspectum,
572 1701 605 1755 et
624 1700 764 1754 strenuae
785 1710 894 1778 operae
915 1690 1088 1756 Lucanum
1103 1689 1198 1781 equi-

135 1780 223 1859 teml
240 1816 352 1860 amore
368 1794 468 1860 scorti
483 1792 690 1886 deperditum
706 1794 739 1859 in
758 1793 872 1860 castris
887 1792 1038 1879 haberet,
1055 1806 1092 1860 ut
1108 1808 1198 1861 utro-

136 1922 201 1990 que
223 1901 331 1992 potius
353 1899 443 1967 bono
461 1897 562 1966 milite
579 1898 743 1983 uteretur,
757 1923 856 1991 quarn
878 1899 911 1964 in
931 1913 1109 1991 utrumque
1129 1901 1198 1966 ani-

137 2003 380 2091 madverteret,
410 2003 504 2072 alteri
530 2006 749 2097 suspicionem
779 2029 871 2071 suam
903 2003 1137 2091 dissimulavit,
1166 2007 1200 2071 in

138 2109 241 2178 altero
259 2109 463 2204 disciplinam
478 2109 652 2203 paululum
671 2134 690 2176 a
707 2123 798 2178 recto
820 2125 934 2178 tenore
955 2109 1104 2197 deflexit3
1122 2135 1200 2178 narn

139 2214 230 2284 illum
254 2216 350 2309 plene
370 2242 432 2309 pro
451 2215 607 2284 tribunali
625 2215 805 2303 laudando,
827 2218 984 2309 omnique
1003 2240 1122 2309 genere
1140 2217 1201 2285 ho-

138 2323 228 2390 noris
250 2322 500 2415 prosequende,
528 2324 673 2391 animum
695 2345 790 2391 suum
806 2347 825 2390 a
841 2323 949 2390 Poenis
971 2321 1011 2389 ad
1032 2323 1201 2392 Romanos

140 2430 249 2521 coegit
268 2452 424 2496 revocare
445 2454 451 2495 :
471 2442 504 2496 et
521 2429 611 2497 hunc
633 2427 718 2496 clam
734 2429 941 2497 meretricem
960 2429 1120 2496 redimere
1133 2453 1203 2523 pas·

141 2559 210 2620 sus,
229 2536 477 2627 paratissimum
490 2559 553 2628 pro
572 2534 666 2618 nobis
687 2519 921 2602 excursorern⁵
944 2534 1094 2602 reddidit.

140 2757 243 2817 partes,
258 2749 334 2816 carpi.
356 2746 387 2796 In
403 2741 514 2805 rudibus
529 2744 649 2804 homini·
695 2743 797 2814 Supra,
810 2744 882 2808 Vll,
898 2745 930 2808 3,
947 2764 977 2808 r,
995 2746 1074 2798 urbem
1090 2756 1202 2797 nostram.

140 2827 189 2878 bus
212 2837 268 2877 acta
291 2826 434 2895 symbolica
456 2838 482 2876 et
503 2825 569 2886 alia,
592 2843 650 2895 quse
736 2824 1202 2896 a.Perculit.Pauci,p1·oevidit‚unus,

132 2924 187 2980 ¹per
208 2923 298 2957 sensus
317 2907 388 2958 viam
404 2903 525 2975 pandunt
546 2903 579 2956 ad
594 2905 651 2962 ani·
691 2904 804 2973 procidit.
816 2905 966 2975 Perperam.

142 3004 231 3047 mum,
243 3004 363 3056 magnam
378 2986 430 3037 vim
446 2996 577 3038 exserunt.
593 2985 651 3036 Me·
736 2983 762 3038 3.
783 2984 913 3035 Maximus,
923 2980 973 3034 At.
984 2984 1019 3035 U.
1034 2983 1085 3050 537
1100 2995 1124 3033 et
1139 2982 1202 3045 544.

141 3064 309 3129 minerimus‚
322 3084 380 3136 quae
393 3063 463 3135 apud
472 3064 579 3117 Graecos
586 3065 651 3116 olim
695 3063 752 3114 Liv.
768 3063 878 3124 XXIII,
895 3063 943 3126 15,
957 3061 991 3114 de
1005 3062 1130 3112 Marcello
1142 3081 1204 3114 nar·

140 3147 224 3210 sacta,
240 3164 290 3197 nec
312 3159 382 3210 non,
401 3163 459 3215 quae
480 3145 567 3215 Cyrus
582 3144 652 3197 inter
695 3154 735 3194 rat
754 3141 833 3194 idern.
854 3141 987 3194 Plutarch.
1002 3142 1030 3193 in
1044 3141 1125 3192 Fabio
1140 3161 1204 3194 con·

139 3226 230 3278 Persas
244 3236 303 3276 ante
319 3223 499 3295 expeditiones
514 3243 572 3276 suas
583 3225 651 3275 fece·
694 3222 765 3292 gruit
781 3221 897 3272 Valerio.

140 3305 185 3356 rit.
199 3307 238 3356 De
250 3303 367 3357 Sertorio
374 3302 428 3356 vid.
440 3305 519 3357 etiam
526 3304 652 3368 Gellium,
738 3308 763 3363 4.
780 3301 900 3372 Equitem.
916 3299 1007 3352 Livius
1019 3319 1079 3352 eum
1091 3301 1123 3351 L.
1136 3303 1205 3353 Ban-

143 3379 210 3448 XV,
222 3404 266 3436 ar.
281 3385 485 3437 Mansuefactam
496 3402 600 3436 cervam
613 3402 652 3434 se·
696 3381 763 3432 tium
780 3392 864 3432 vocat.
876 3412 915 3420 -
925 3381 1089 3450 Deperdt'tnm.
1100 3379 1135 3431 fld
1150 3394 1204 3446 est,

144 3485 205 3518 cum
216 3463 303 3524 duxit,
311 3483 389 3534 quarn
399 3483 413 3515 a
424 3464 508 3515 Diana
518 3461 590 3513 dono
602 3461 653 3513 sibi
696 3460 742 3530 qui
755 3472 870 3511 scortum
881 3460 1109 3512 vehementissime
1121 3459 1155 3511 ad
1164 3462 1205 3512 in·

144 3543 232 3598 datam
239 3544 468 3614 simulabat‚aqua
478 3556 610 3611 tamquam
620 3540 653 3592 ab
696 3540 794 3592 suniam
811 3559 893 3610 usque
908 3541 1019 3592 amabat.
1036 3572 1076 3581 -
1090 3541 1205 3608 Defierit.

141 3626 202 3697 ipso
214 3625 322 3676 numine
338 3623 493 3685 doceretur,
507 3620 571 3692 quid
587 3640 653 3691 opus
696 3619 791 3671 Fabius
808 3618 975 3691 disciplinam
993 3638 1007 3670 a
1022 3632 1094 3671 recto
1115 3634 1207 3672 tenore

143 3718 210 3758 esset
216 3705 295 3757 lactu.
305 3705 401 3767 Quare
411 3701 554 3754 indomitos
563 3701 655 3753 barba·
696 3699 803 3770 defleuit,
812 3719 893 3770 quum
904 3700 1081 3768 permitteret,
1090 3713 1117 3750 ut
1127 3718 1207 3770 eques

143 3789 187 3838 ros'
199 3786 273 3837 facile
287 3783 359 3836 dicto
371 3782 432 3834 fecit
444 3794 571 3852 parentes.
696 3780 872 3840 meretricem,
889 3798 902 3828 a
919 3779 1013 3830 lenone
1028 3778 1207 3849 redemptam,

186 3885 210 3919 1.
219 3858 651 3917 NostrumJtaexduodecimMSS.
696 3859 723 3910 in
740 3859 830 3912 castris
842 3858 960 3910 haberet.

142 3943 416 3999 restituitTorrenius.
431 3941 506 4012 Pigb.
517 3939 591 3993 dedit
602 3942 652 3991 lto-
739 3939 763 3990 5.
781 3939 949 3995 Errarsorem.
966 3939 1027 4001 Quo
1044 3949 1163 3989 uteretur
1178 3938 1206 3989 in

142 4043 276 4086 manorum,
288 4019 361 4094 qnod
374 4021 458 4091 glossa
471 4033 590 4081 exortunr
605 4031 650 4072 est.
697 4018 816 4071 hostibus
828 4016 995 4088 explorandis
1006 4015 1172 4071 vexandisve.
