2678 4808
1042 357 1093 401 Vll

24 544 1103 588 mum-munum'wnwtmuwcmmmmmmmmmm

69 806 508 929 neironis
552 711 1057 926 Ριιιιιιιιιι.

310 1083 817 1120 ——W

51 1230 119 1347 Du
135 1260 287 1344 editionis
300 1254 400 1366 hujus
414 1273 541 1341 ratione
556 1287 656 1366 atque
672 1275 822 1342 instituto
841 1268 920 1343 salis
937 1295 1101 1369 superque

49 1397 193 1467 ridetur
183 1424 219 1465 m
246 1397 410 1503 prooemio
432 1393 619 1464 Voluminis
645 1398 823 1491 superioris
852 1423 923 1466 esse
950 1398 1102 1468 dictum:

52 1542 135 1614 neque
147 1499 310 1589 habemus
320 1543 470 1606 necesse,
483 1543 511 1586 si
503 1517 636 1587 officia
649 1534 764 1589 nostra
778 1521 922 1629 proliare
933 1523 1102 1615 potuimus

10 1656 20 1689 ¹
53 1641 112 1711 viris
126 1625 260 1712 eruditis
280 1668 319 1712 ac
337 1642 571 1739 principibus
562 1646 596 1710 m
615 1642 681 1713 hoc
700 1669 821 1737 genere
839 1622 1029 1732 literarum,
1047 1659 1104 1729 ut,
1121 1671 1126 1679 ·

55 1786 109 1854 que
124 1776 199 1836 tu'nc
218 1769 262 1835 ab
283 1766 374 1835 aditu
392 1765 568 1861 praefati
543 1791 665 1855 simus,
686 1767 802 1836 eadem
821 1765 883 1837 illis
898 1784 1104 1864 ‚postquam

55 1883 153 1959 intrare
174 1882 362 1977 voluerint,
384 1913 475 1957 nunc
496 1898 779 1983 repr'aesentemus
802 1893 890 1960 Nam
913 1891 993 1959 nihil
1015 1892 1104 1962 aliud
1177 1901 1179 1905 ’

56 2023 93 2075 est
112 2012 173 2082 hoc
194 1944 379 2083 secunduin
395 2010 585 2095 Volumen,
603 2011 666 2080 nisi
690 2013 841 2123 primi
812 2015 1038 2113 continuatio:
1060 2017 1105 2084 ita

57 2145 84 2198 ut
99 2133 230 2206 alterum
254 2161 295 2204 ex
321 2133 425 2204 altero
454 2143 575 2203 nexum
584 2135 776 2229 amboque
798 2151 876 2237 apta
897 2139 994 2229 inter
1010 2164 1045 2206 se
1071 2154 1105 2207 et

57 2256 228 2328 coherentia
251 2259 436 2327 videantur
456 2259 550 2326 Prius
573 2233 750 2359 Volirmen
767 2260 919 2376 priores
924 2278 981 2330 sex
1005 2261 1105 2331 libros

57 2379 154 2452 Valerii
177 2385 317 2454 Maximi
346 2382 600 2479 complectitur:
621 2403 693 2479 sept
682 2361 797 2493 imus,
796 2379 977 2495 octaius,
997 2413 1108 2456 nonus

60 2500 104 2573 hoc
118 2510 335 2577 continentur.
354 2506 549 2576 Addidimus
567 2505 689 2574 librum
708 2480 766 2590 de
762 2507 945 2602 nominum
963 2512 1108 2602 ratione,

59 2627 139 2722 Pighii
166 2631 379 2726 aliorumque
400 2630 565 2699 editorum
587 2631 819 2701 auctoritatem
847 2633 957 2726 potius
983 2635 1111 2720 secuti,

59 2773 134 2841 quam
146 2756 237 2850 quod
246 2756 336 2825 hanc
350 2756 520 2853 epitomen
535 2736 637 2849 ipsius
645 2751 770 2822 Valerii
789 2780 860 2824 csse
871 2756 1107 2849 judicaremus.
1186 2813 1189 2817 ι
1255 2757 1258 2760 ’

59 2873 228 2970 Sequuntur
239 2878 363 2946 indices
380 2892 525 2971 quatuor
539 2877 573 2944 in
586 2874 756 2945 Valerium
767 2879 967 2961 Maximum,
980 2904 1111 2975 nempe,

59 3015 209 3072 auctorum
230 3027 251 3071 a
267 3003 428 3096 scriptore
449 3014 566 3069 nostro
588 2999 821 3088 laudatorum,
841 3003 1111 3097 geographicus,

59 3117 209 3195 historicus
235 3125 397 3218 denique;
425 3138 595 3219 postremo
624 3124 804 3192 verborum
832 3140 865 3192 et
892 3124 1114 3197 locutionum

60 3241 149 3331 Quam
170 3248 392 3318 accessionem
411 3246 494 3315 adeo
512 3270 580 3315 non
599 3270 717 3315 vereor
735 3272 777 3315 ne
796 3246 937 3318 lectores
957 3275 1111 3344 superva-

59 3387 173 3440 caneam
195 3371 416 3458 arbitrentur,
438 3384 476 3437 ut
504 3371 615 3464 potius
637 3370 679 3437 ab
701 3370 764 3439 hac
791 3386 886 3466 parte
916 3371 1015 3442 velim
1040 3399 1111 3444 esse

59 3494 173 3563 omnino
203 3519 318 3562 omnes
349 3492 508 3560 editiones
535 3516 635 3586 quam
667 3494 945 3564 instructissimas.
974 3499 1111 3591 Neque,

57 3625 92 3679 ιιι
106 3615 163 3686 hoc
188 3633 284 3706 utar,
307 3619 334 3686 si
363 3615 518 3685 aberrare
547 3639 567 3683 a
595 3615 697 3686 literis
729 3616 837 3688 latinis
866 3619 909 3688 ad
932 3646 1055 3714 graecas
1077 3621 1112 3691 li-

58 3755 150 3828 ceret,
168 3741 309 3812 difficilis
327 3756 412 3810 esset
428 3740 687 3826 demonstratio,
705 3741 785 3810 nihil
806 3742 907 3813 hodie
925 3744 997 3813 fieri
1015 3771 1113 3840 posse

60 3857 98 3924 ab
113 3861 236 3933 homine
263 3879 379 3951 acuto,
404 3861 574 3950 studioso,
602 3863 719 3934 litteris
747 3866 930 3961 perpolito,
951 3868 1009 3937 sed
1031 3870 1113 3938 nihil

61 3986 138 4073 quod
147 3991 245 4083 magis
261 4003 390 4083 gratam
408 3987 584 4058 utilitatem
599 3990 738 4079 habeat,
753 4016 853 4086 quam
872 3992 1115 4062 confectionem
