2678 4808
266 408 374 475 CAP.
403 407 478 491 VI,
506 408 575 473 DE
603 407 974 476 NECESSITATE.
1105 407 1154 495 45

87 539 213 606 exitum
232 537 391 605 attribuit.
414 539 524 606 Avaro
543 539 630 605 enim
649 537 736 607 fame
755 554 973 633 consumpto,
996 541 1158 610 manubiis

87 641 259 712 sordium¹
280 667 414 711 suarum
435 643 500 713 frui
521 669 588 712 non
609 643 725 713 licuit:
746 647 831 738 aequi
852 647 952 713 animi
973 647 1025 713 vir
1046 646 1088 715 ad
1107 672 1157 716 sa·

84 748 228 818 lutarem
244 751 426 843 impensam
439 749 639 838 faciendam,
654 775 729 820 care
743 751 897 843 quidem,
911 776 1027 821 verum
1044 778 1157 826 neces·

86 859 189 942 sarie,
209 871 402 949 comparato
425 855 499 924 cibo
517 858 607 924 vixit.

142 992 175 1072 4.
199 991 236 1057 C.
257 1003 368 1057 autem
390 989 500 1056 Mario
518 1002 552 1057 et
571 990 632 1057 Cn.
656 988 811 1057 Carbone
830 989 1020 1059 consulibus
1033 989 1055 1078 ²,
1070 991 1158 1060 bello

86 1081 175 1162 civili
192 1119 268 1163 cum
289 1097 326 1163 L.
347 1092 436 1162 Sulla
451 1094 699 1178 dissidentibus,
713 1120 780 1188 quo
796 1110 947 1190 tempore
963 1122 1032 1165 uon
1049 1100 1158 1192 reipu-

86 1199 181 1268 blicae
197 1201 337 1268 victoria
352 1201 578 1294 quaerebatur,
593 1200 650 1268 sed
668 1203 839 1293 praemium
856 1203 1001 1271 victoriae
1019 1218 1159 1274 reserat

85 1305 240 1400 publica,
255 1305 537 1376 senatusconsulto
555 1331 654 1374 aurea
673 1322 771 1401 atque
785 1321 941 1402 argentea
956 1308 1157 1403 templorum

87 1427 304 1499 ornamenta,
319 1437 361 1480 ne
375 1412 532 1481 militibus
549 1413 712 1506 stipendia
726 1412 893 1501 deessent,
908 1416 1051 1483 conflata
1066 1432 1158 1502 sunt3

87 1518 188 1613 digna
219 1520 307 1587 enim
327 1533 398 1587 erat
420 1543 537 1604 causa,
561 1518 639 1587 hine
665 1543 708 1586 an
734 1518 781 1587 illi
810 1518 1038 1588 crudelitatem
1064 1546 1157 1590 suam

85 1626 329 1719 proscriptione
351 1626 473 1693 civium
494 1626 670 1711 satiarent,
692 1639 730 1693 ut
749 1625 794 1693 dii
815 1626 1017 1695 immortales
1039 1627 1157 1721 spolia-

86 1746 213 1799 rentur.
228 1733 306 1801 Non
319 1757 398 1825 ergo
412 1745 544 1825 patrum
559 1732 822 1824 conscriptorum
834 1730 1004 1819 voluutas,
1013 1733 1071 1802 sed
1086 1748 1158 1823 tua,

86 1840 257 1906 teterrima
270 1838 474 1924 Necessitas,
486 1836 673 1906 truculenta
686 1861 805 1906 manus
820 1835 866 1905 illi
881 1838 1033 1908 consulto
1046 1839 1158 1910 stilum

86 1928 280 2038 impressit³.

144 2075 176 2148 5.
208 2079 287 2146 Divi
315 2076 393 2146 Julii
419 2079 597 2163 exercitus,
620 2078 654 2146 id
680 2092 749 2165 est,
776 2079 890 2146 invicti
917 2077 1010 2148 ducis
1036 2079 1159 2149 invicta

86 2181 242 2272 dextera,
260 2209 363 2277 quum
385 2185 485 2252 armis
504 2183 667 2252 Mundam
690 2170 879 2252 clausissetl
898 2186 1076 2279 aggerique
1091 2210 1158 2287 =ea-

85 2290 248 2358 struendo
263 2291 400 2358 materia
411 2289 582 2374 deficeret,
593 2291 746 2384 congerie
757 2289 926 2358 hostilium
940 2289 1158 2379 cadaverum,

87 2421 189 2490 quam
211 2395 454 2465 desideraverat
472 2395 676 2464 altitudinem
699 2397 868 2484 instruxit3
886 2421 1024 2490 eamque
1043 2412 1158 2491 tragu-

86 2487 147 2570 lis⁵
162 2517 195 2570 et
214 2501 305 2596 pilis,
323 2504 401 2596 quia
422 2503 569 2570 roboreae
592 2501 689 2571 sudes
711 2501 865 2588 deerant,
881 2504 1038 2596 magistra
1062 2529 1158 2574 novae

87 2607 267 2677 molitionis
285 2609 479 2677 necessitate
499 2633 578 2677 usus
600 2607 744 2677 vallavit.

143 2739 176 2810 6.
203 2738 313 2833 Atque
345 2755 383 2808 ut
414 2740 560 2808 divinam
584 2736 649 2808 filii
668 2741 870 2808 mentionem
897 2741 1032 2811 caelestis
1054 2744 1158 2836 patris

134 2969 159 3002 r.
173 2948 292 3002 Sordtam
307 2912 442 3013 Avaritiam
455 2948 518 3018 quia
532 2947 601 2999 nibil
644 2947 748 3016 vitque,
759 2946 891 3016 oppressis
902 2947 1028 3000 Marianis
1034 2951 1156 3019 rempub.
1254 2999 1261 3012 ,

87 3029 225 3082 bominem
235 3027 322 3080 reddit
329 3026 514 3094 sordidiorem,
522 3045 600 3097 quam
644 3027 754 3077 liberam
773 3026 839 3077 fore.
856 3025 987 3089 Quocirca
1005 3029 1157 3082 necessitate

87 3107 159 3161 illud
172 3109 276 3161 vitium.
644 3105 768 3176 compelli
778 3105 828 3158 visi
838 3117 913 3169 sunt,
925 3105 1003 3158 Sulla
1016 3106 1085 3158 ferre
1096 3127 1157 3180 sup·

133 3209 158 3241 a.
181 3187 334 3242 Consula'bus.
350 3187 404 3238 An·
420 3187 456 3239 U.
475 3191 542 3256 671.
562 3217 602 3227 —
644 3186 735 3255 petias.
753 3186 793 3237 Ita
807 3185 931 3239 hocloco
947 3205 1002 3238 non
1016 3185 1157 3241 admitten·
1255 3196 1257 3200 ’

90 3267 205 3338 Conflata
217 3279 280 3320 suat.
295 3268 346 3320 AEs
359 3267 487 3336 contutum
503 3265 601 3319 dicitur
645 3263 679 3317 da
692 3278 731 3318 est
745 3265 838 3317 ironia.

88 3349 119 3400 in
140 3348 268 3419 signatam
289 3349 431 3418 pecuniam
450 3344 602 3399 redactum:
688 3352 713 3408 4.
733 3344 873 3398 Claususet.
898 3344 931 3397 Id
951 3345 1062 3415 contigit
1087 3347 1158 3400 bello

85 3447 124 3479 aes
135 3446 209 3496 graec
223 3424 408 3488 tantummodo
421 3438 555 3498 pensatur.
645 3425 807 3496 hispaniensi
826 3423 950 3478 adversus
969 3424 1019 3478 Cn.
1042 3438 1069 3477 et
1084 3426 1155 3481 Sext.

132 3507 159 3559 3.
175 3508 304 3578 Impressit.
323 3503 356 3557 Id
371 3517 426 3572 est,
441 3517 562 3572 senatus,
575 3505 602 3557 vi
646 3505 795 3575 Pompeios.
806 3505 856 3557 An.
864 3505 900 3556 U.
909 3506 974 3575 708.
986 3504 1095 3572 Munda,
1111 3527 1158 3580 op·

86 3598 210 3651 coactus,
226 3585 358 3651 decrevit,
373 3597 405 3637 ut
420 3603 515 3637 aurum
523 3596 550 3636 et
560 3603 602 3636 ar·
645 3583 741 3655 pidum
760 3584 911 3655 Hispaniae,
926 3584 973 3637 ubi
992 3597 1045 3637 tam
1062 3605 1158 3658 anceps

87 3679 200 3738 gentum
216 3684 231 3718 e
251 3665 357 3737 templis
375 3665 531 3717 auferretur.
550 3664 603 3716 Alii
646 3662 694 3716 diu
706 3677 733 3716 et
743 3663 817 3716 triste
827 3664 1047 3736 praelium‚quale
1056 3665 1100 3718 vix
1111 3686 1157 3719 en·

87 3747 203 3799 ironiam
220 3746 272 3798 boe
293 3747 354 3798 loco
372 3745 516 3802 invenere,
542 3745 603 3814 quia
647 3756 704 3808 tea,
720 3754 750 3795 ut
761 3744 848 3796 Caesar
862 3745 916 3815 jam
931 3742 965 3796 de
980 3747 1104 3798 extremis
1114 3764 1159 3798 co-

86 3826 170 3878 satiua
178 3825 272 3890 fuerit,
279 3826 440 3896 templorum
450 3836 603 3877 ornamenta
647 3823 748 3893 gitaret.
758 3821 824 3874 vid.
837 3823 904 3887 Dio,
915 3824 1014 3877 XLIII.
1137 3878 1152 3887 ,

85 3907 139 3958 sub
149 3905 268 3960 Mariana
285 3905 398 3957 factione
411 3905 481 3957 salva
490 3905 603 3967 babere,
699 3903 725 3954 5.
750 3903 873 3970 Tragula's.
893 3905 1009 3973 Tragulae
1027 3917 1089 3957 sunt
1107 3906 1158 3958 tela

85 4003 168 4056 quam
175 3984 254 4054 Syllae
264 3984 543 4056 tyrannorelinquere.
551 3982 603 4036 Sed
648 3982 739 4052 gallica
754 4001 761 4034 :
777 3982 846 4033 sudes
864 3996 952 4036 autem
968 3984 1022 4053 pali
1038 3984 1107 4036 acuti
1126 4003 1159 4037 ex

86 4065 164 4118 latuit
175 4077 297 4117 senatum
312 4065 390 4116 Sullae
401 4064 504 4116 animus
517 4082 604 4133 spera·
648 4075 759 4133 utraque
766 4076 841 4133 parte
849 4063 876 4115 in
884 4063 1034 4118 summitate
1041 4063 1157 4132 praeusti.
