2678 4808
217 403 261 452 ιι
396 379 624 449 VALERII
651 379 851 448 ΜΑΧΙΜΙ
877 379 974 448 LIB.
1004 380 1092 448 VII.

212 512 398 607 gientibus,
413 512 655 605 interrogatus,
675 507 763 603 quid
776 514 828 578 ita
849 509 936 578 aedil
954 532 1001 579 ac
1019 509 1117 579 bonis
1134 515 1205 580 suis
1222 513 1282 580 ιε’-

211 618 409 709 rumserret
421 641 432 684 :
446 619 526 710 Ego
543 639 643 701 vero,
664 616 788 709 inquit,
810 615 911 696 bona·
922 639 1000 684 mea
1017 639 1146 689 mecum
1159 633 1279 711 porto.

212 725 350 793 Pectore
366 723 453 792 enim
467 721 523 791 illa
540 722 709 816 gestabat,
728 744 797 789 non
814 721 960 790 humeris
974 747 985 806 ς
1005 720 1084 791 ncc¹
1102 722 1207 792 oculis
1225 724 1280 792 vi-

213 828 330 915 senda,
342 827 400 898 sed
415 827 606 898 estimanda
620 828 731 896 animo
746 853 754 894 ε
768 851 841 919 quae
856 821 1024 897 domicilio
1041 829 1161 896 mentis
1174 827 1280 896 inclu-

213 957 260 1022 sa,
266 959 329 1005 nec
339 932 541 1021 mortalium,
546 958 609 1004 nec
619 933 759 1003 deorum
770 934 922 1002 manibus
936 931 1126 1003 labefactari
1137 948 1280 1027 qsseunt3

212 1053 247 1109 et
258 1054 296 1109 ut
314 1040 522 1109 manentibus
536 1053 657 1135 praesto
673 1053 768 1126 sunt,
785 1039 832 1107 ita
849 1038 1012 1135 fugientes
1026 1064 1095 1109 non
1112 1039 1278 1109 deserunt.

267 1149 300 1231 4.
319 1148 394 1214 Jam
411 1143 574 1264 Platonis,
592 1145 702 1217 verbis
717 1143 893 1233 adstricta,
909 1145 967 1214 sed
983 1169 1080 1216 sensu
1098 1144 1279 1239 praevalens

212 1249 407 1321 sententia²·
398 1253 484 1344 ,qui
503 1267 574 1321 tam
592 1251 726 1321 demum
746 1250 882 1320 beatum
903 1267 1070 1321 terrarum
1087 1252 1202 1321 orbem
1206 1253 1279 1343 fu

213 1373 323 1426 turum
337 1356 541 1452 praedicavit,
531 1381 651 1488 ,auum
665 1373 727 1426 aut
738 1362 911 1452 sapt'entes
923 1381 1098 1457 regnare,
1108 1374 1173 1428 αιιι
1183 1383 1280 1453 reges

212 1487 335 1559 sapere
355 1469 566 1560 coepzssent.

268 1577 301 1653 5.
325 1585 398 1652 Rex
417 1584 515 1653 etiam
538 1580 593 1651 ille
615 1580 743 1653 subtilis
762 1570 905 1677 judicii,
922 1608 1022 1677 quem
1040 1581 1154 1652 ferunt
1175 1580 1281 1652 tradi·

103 1782 104 1787 ἵ
213 1703 284 1757 tum
306 1689 369 1758 sibi
391 1689 542 1759 diadema
561 1690 753 1783 priusquam
773 1689 873 1783 capiti
893 1689 1096 1809 imponeret,
1113 1704 1281 1759 retentum

212 1795 269 1863 diu
288 1794 529 1924 considerasse,
543 1819 582 1864 ac
596 1795 734 1864 dixisse:
753 1798 821 1864 «Ο
838 1796 984 1865 nobilem
997 1797 1103 1891 magis
1118 1820 1219 1890 quam
1233 1795 1280 1866 fe·

213 1899 309 1970 licem
331 1925 480 1996 pannum
488 1886 691 1995 ⁵lquem
666 1927 693 1970 si
713 1903 788 1995 quis
810 1902 940 1996 penitus
963 1916 1159 2022 cognoscat,
1181 1925 1281 1996 quam

212 2005 324 2076 multis
342 2006 636 2092 sollicitudinibus,
655 2021 689 2078 et
709 2006 884 2102 periculis,
901 2023 935 2078 et
954 2010 1092 2078 miseriis
1114 2011 1156 2078 sit
1174 2007 1281 2078 reler-

214 2127 286 2200 tus,
304 2139 347 2183 ne
353 2099 474 2183 ⁶humi
492 2113 654 2208 quidem
642 2128 809 2207 jacentem
824 2113 939 2185 tollere
957 2113 1067 2184 vellet.
1086 2142 1103 2180 s

220 2230 302 2302 6.
312 2232 418 2320 Quid,
426 2233 624 2303 Xenocratis
638 2243 832 2328 responsum
842 2287 851 2320 ,
861 2258 962 2327 qisam
975 2227 1166 2301 laudabilc⁷l
1178 2256 1282 2327 quum

213 2336 375 2408 maledico
391 2340 535 2408 sermoni
555 2339 775 2433 quorumdam
794 2364 925 2409 summo
941 2337 1069 2408 silentio
1090 2340 1282 2426 interesset,

215 2469 282 2513 unc
303 2469 344 2512 ex
363 2445 416 2513 his
437 2460 623 2539 quaerente,
642 2446 811 2514 euraclus
829 2450 881 2514 ita
901 2447 1053 2540 linguam
1070 2468 1170 2513 suam
1191 2444 1282 2514 cohi·

215 2549 331 2619 beret:
346 2553 438 2643 Quia
452 2551 583 2643 dimisse
595 2576 649 2620 me
657 2604 668 2638 ,
690 2553 814 2646 inquit,
829 2551 1019 2645 aliquando
1025 2556 1210 2646 poenituit,
1228 2567 1282 2620 ta·

215 2661 324 2725 casse
341 2681 524 2751 nunquam.

259 2861 283 2896 1.
294 2843 354 2896 Nec.
366 2845 408 2895 Ita
416 2842 529 2896 Torren.
538 2861 570 2896 ex
579 2841 642 2895 edit.
652 2842 725 2913 Mog.
770 2845 848 2915 prim.
861 2863 904 2895 nec
915 2845 981 2895 humi
988 2846 1107 2913 jacentem
1119 2842 1201 2894 tollere
1208 2843 1282 2903 colit,

215 2934 242 2976 ct
255 2920 347 2976 decem
360 2922 436 2975 MSS.
451 2921 544 2974 edidit.
560 2922 615 2974 Alii
630 2941 685 2974 aaa.
771 2923 843 2995 quod
858 2923 993 2976 Torrenio
1010 2942 1065 2975 non
1083 2921 1216 2992 displicet.
1231 2921 1284 2975 Illac

258 3021 284 3055 a.
297 3002 428 3055 Sententia.
438 3000 502 3055 vid.
517 3002 583 3055 Plat.
598 3020 640 3072 ep.
654 3001 726 3065 VII3
770 3021 873 3074 expone
888 3021 936 3073 per
948 3006 1020 3054 etiam
1032 3020 1095 3062 noa,
1113 3014 1142 3054 ut
1155 3019 1220 3053 mox
1230 3013 1283 3055 ιιι.

216 3082 272 3135 Cic.
283 3081 317 3134 ad
326 3083 359 3147 Q.
370 3082 403 3134 ir.
412 3082 591 3152 ep.I;Boeth.
602 3080 636 3134 de
645 3083 725 3135 Cous.
772 3090 786 3135 8
799 3120 807 3145 ,
820 3102 862 3134 aec
875 3087 991 3152 cogitata.

214 3161 366 3232 philosoph.
380 3163 402 3213 I.
812 3182 839 3232 7.
865 3162 1008 3213 Laudabile.
1025 3159 1091 3212 Vid.
1109 3159 1182 3212 Stob.
1205 3177 1283 3213 serm.

258 3243 284 3294 3.
303 3241 441 3311 Capisseat.
460 3239 527 3304 Quoe
548 3240 645 3305 verbu,
662 3251 728 3293 teste
771 3242 880 3306 xxxl;
892 3241 1027 3293 Plutarch.
1041 3238 1075 3292 de
1087 3240 1158 3292 bona
1166 3238 1284 3293 valetud.

217 3319 384 3391 Capitolino,
395 3320 529 3372 Antonius
544 3319 643 3372 Philos.
659 3339 727 3372 sem·
771 3321 817 3392 qui
834 3319 965 3372 Simonidi
982 3321 1034 3373 hoc
1052 3320 1209 3371 attribuunt.
1233 3320 1285 3372 Xe·

216 3419 265 3471 per
277 3399 305 3451 in
317 3418 363 3451 ore
376 3399 478 3452 habuit.
771 3413 891 3453 nocrates
903 3413 990 3453 autem
1006 3399 1111 3451 silentio
1124 3398 1206 3451 vitam
1218 3397 1284 3452 adeo

258 3477 728 3549 4.Jadicii.Vid.Prudent.inSym·
771 3480 865 3533 habuit
887 3479 1053 3544 devinctam,
1077 3491 1108 3531 ut
1129 3477 1207 3531 sicuti
1229 3497 1286 3532 cer·

217 3559 302 3611 mach.
319 3559 349 3623 I,
364 3558 400 3632 Ι5;
422 3559 496 3611 Stob.
517 3577 594 3612 serm,
615 3559 727 3611 XLVII.
772 3573 810 3614 tas
825 3560 937 3631 negotiis
949 3560 1002 3612 suis
1014 3557 1156 3623 horas,ita
1168 3570 1194 3610 et
1205 3558 1285 3611 silen-

218 3638 334 3703 Quinam
349 3658 392 3689 rea
404 3638 499 3703 fuerit,
516 3639 655 3691 incertum.
672 3639 728 3690 An·
771 3640 809 3692 tio
832 3641 981 3711 assignaret.
1007 3665 1017 3685 ι
1029 3639 1115 3690 Multa
1135 3636 1284 3705 audienda,

217 3719 323 3788 tigonus
338 3718 444 3770 interim
457 3717 577 3770 diadema
591 3719 661 3791 ῥάκος
672 3717 728 3769 dic·
771 3719 938 3791 dixit,pauca
947 3717 1072 3771 dicenda:
1083 3736 1144 3769 nam
1153 3733 1285 3779 osonum,

218 3797 325 3862 titana,
341 3810 372 3850 ut
384 3810 473 3850 narrat
486 3798 611 3851 Stobmus.
772 3819 846 3852 aures
863 3798 927 3851 duas
942 3798 1046 3850 homini
1058 3810 1181 3850 naturam
1195 3795 1286 3851 dedis·

261 3878 286 3931 5.
301 3880 421 3930 Paucum.
431 3877 566 3930 Candidam
573 3881 678 3946 fasciam
688 3897 728 3930 su·
770 3898 823 3932 se.»
841 3877 1029 3931 Maledicenti:
1047 3878 1110 3928 «Tu
1120 3877 1219 3947 linguat
1233 3890 1286 3930 tusc

220 3977 281 4030 pra,
299 3959 356 4022 VI,
372 3978 405 4021 2,
420 3976 451 4027 7,
467 3970 543 4010 vocat
558 3959 648 4010 Valer.
772 3978 861 4011 servus
882 3978 926 4021 es,
948 3958 998 4019 ait3
1015 3976 1063 4027 ego
1085 3975 1149 4008 vero
1164 3975 1284 4012 meorum

261 4043 286 4092 6.
303 4039 342 4091 Ne
355 4040 378 4091 t.
394 4038 487 4110 quadem
492 4060 516 4107 J
534 4051 550 4090 t.
565 4039 645 4090 avellet.
656 4037 727 4092 Med.
772 4039 876 4091 aurium
889 4037 1012 4090 dominus
1027 4056 1093 4089 sum.
1109 4062 1120 4083 ι
