2678 4808
222 400 265 482 td
400 394 623 463 VALERII
651 395 856 462 ΜΑΧΙΜΙ
884 396 979 462 LIB.
1009 395 1097 462 Vll.

214 525 371 623 pulissesl
391 551 411 596 a
432 527 571 596 caritate
591 525 678 594 istud
699 523 897 619 prestatur¹.
911 554 927 588 s
950 528 994 593 At
1011 549 1092 594 vero
1113 540 1189 595 ante
1208 527 1285 596 Phi-

210 634 323 729 lippus
343 633 468 726 majore
485 657 526 702 ex
544 645 639 727 parte
654 645 823 700 mercator
842 633 1001 720 Graeciae,
1019 654 1119 726 quam
1139 632 1257 703 victor.

273 786 327 834 11.
355 762 548 833 Aristoteles
575 775 685 832 autem
715 758 951 833 Callisthenem
976 762 1163 834 auditorem
1186 789 1284 834 suurn

215 871 258 940 ad
279 868 504 941 Alexandrum
527 865 713 938 dimittens²
736 870 880 957 monuit,
905 897 922 933 u
934 883 972 937 ut
992 894 1068 938 cum
1091 895 1130 938 eo
1152 884 1211 938 aut
1232 897 1284 939 ra·

215 978 357 1065 rissime‚
378 991 436 1046 aut
456 998 556 1071 quam
571 974 810 1070 jucundissime
826 973 1019 1069 loqueretur
1039 999 1050 1042 .·
1072 1001 1139 1070 quo
1160 975 1286 1046 scilicet

213 1083 303 1178 apud
327 1084 433 1178 regias
457 1107 553 1152 aures
574 1079 627 1150 vel
655 1076 784 1151 silentio
808 1083 928 1169 tutior,
952 1079 1003 1149 vel
1026 1106 1178 1151 sermone
1199 1098 1286 1152 esset

214 1191 418 1284 acceptior.»
441 1190 485 1258 At
498 1183 552 1257 ille
565 1179 645 1257 dum
659 1185 884 1257 Alexandrum
905 1179 1120 1257 macedonem
1139 1175 1284 1284 persica³

215 1293 410 1366 salutatione
424 1294 622 1389 gaudentem
638 1294 808 1388 objurgat,
823 1292 912 1362 etad
927 1293 1158 1364 macedonicos
1175 1320 1284 1364 mores

214 1403 355 1470 invitum
377 1425 534 1471 revocare
550 1400 711 1470 benevole
725 1415 933 1495 perseverat,
951 1401 1068 1495 spiritu
1087 1424 1200 1470 carere
1214 1400 1282 1496 jus·

214 1531 286 1598 sus,
309 1530 416 1578 seram
435 1507 577 1603 neglecti
595 1507 734 1576 salubris
757 1504 882 1576 consilii
903 1507 1131 1602 poenitentiam
1153 1509 1230 1602 egit.

266 1631 362 1700 Idem
389 1616 610 1700 Aristoteles⁴
636 1628 680 1699 de
701 1634 880 1725 semetipso
905 1634 941 1698 iu
965 1645 1123 1725 neutrum
1142 1646 1284 1725 purtem

215 1739 312 1832 loqui
337 1737 459 1807 debere
481 1736 711 1833 praedicabat:
733 1742 896 1831 quonium
924 1735 1071 1805 laudare
1097 1760 1151 1823 se,
1178 1743 1283 1818 vani,

213 1850 426 1940 vituperare,
450 1844 549 1912 stulti
559 1858 656 1911 esset.
674 1842 832 1935 Ejusdem
849 1857 899 1911 est
914 1841 1123 1911 utilissimum
1137 1868 1283 1937 praecep·

258 2078 283 2112 r.
301 2058 328 2111 Α
344 2061 446 2110 caritate
459 2055 526 2108 istud
535 2063 676 2126 praestatur.
689 2056 729 2108 Ae
772 2051 975 2115 Macedonibus,
984 2055 1030 2110 sed
1043 2059 1076 2110 ab
1086 2059 1226 2124 omnibus,
1238 2060 1284 2132 qui

213 2153 272 2190 vero
292 2147 349 2190 ante
362 2137 500 2207 Philippus.
520 2136 564 2188 Ita
575 2148 637 2188 cum
657 2133 727 2187 Aldo
772 2135 840 2188 circa
852 2153 880 2188 se
888 2148 977 2200 erant,
990 2136 1045 2189 sive
1054 2138 1155 2203 Persae,
1164 2138 1219 2191 sive
1230 2138 1286 2192 Ma·

215 2213 729 2288 Pighiusedidit.SedquumMSS.mub
771 2214 885 2268 cedones
904 2229 1005 2279 essent,
1025 2217 1140 2271 voluisse
1157 2219 1285 2272 honorari

215 2310 273 2350 tum
288 2298 358 2350 inter
378 2315 405 2350 se
428 2293 599 2358 dissentiant,
616 2295 660 2346 alii
679 2295 728 2346 alia
772 2294 927 2349 salutatione
937 2297 1149 2369 Persarum,qui
1160 2300 1285 2368 prostrati

215 2380 367 2449 coniecere,
382 2375 492 2430 Colerus
502 2393 509 2428 z
520 2394 536 2425 a
545 2377 645 2426 caritate
655 2374 727 2427 istud.
771 2392 845 2444 reges
861 2394 922 2427 suos
945 2374 1099 2430 adorabant.
1116 2378 1163 2430 Est
1178 2396 1285 2450 quoque

214 2459 291 2509 Pater
309 2476 368 2508 cero
383 2455 528 2526 Philippum
542 2471 622 2525 quam
639 2456 728 2523 conie-
772 2455 903 2526 emphasis
916 2454 945 2507 in
956 2472 1001 2520 eo,
1010 2455 1192 2509 Alexandrum
1206 2477 1284 2508 mace·

132 2556 136 2569 ¹
214 2550 318 2590 cturam
337 2535 434 2607 probat
452 2534 585 2587 Veratius.
606 2534 727 2587 Perizon.
771 2533 856 2585 mem
875 2538 973 2606 persica
988 2536 1143 2588 salutatione
1165 2537 1285 2607 gavisum

123 2630 133 2647 ’·
215 2634 280 2669 vero
297 2617 367 2668 inter
384 2626 499 2667 caetera:
518 2614 553 2665 ad
571 2633 674 2665 amorem
694 2617 732 2664 tui
771 2615 1284 2688 esse-Benevoutuncvocem,quam

175 2723 178 2728 -
216 2695 365 2766 compulisses
379 2714 409 2745 ac
426 2697 557 2746 caritatem.
579 2693 650 2745 Istud
658 2705 730 2763 prater
771 2693 1284 2768 Pigb.contradicentibuslibrisexpun-

216 2777 267 2845 cjus
280 2775 415 2846 Plutppus.
426 2773 460 2826 Et
472 2774 509 2826 sic
519 2773 664 2825 Tomeuius
673 2773 728 2824 Va·
771 2775 946 2839 xerat,Vorst.
954 2774 1096 2827 revocavit.
1104 2775 1209 2828 Merito.
1215 2776 1285 2829 Nam

215 2855 311 2908 larium
331 2853 464 2926 scripsisse
485 2866 568 2925 putat.
590 2854 618 2905 A
633 2871 683 2924 pro
700 2873 730 2904 ac
771 2854 956 2906 benevolentia
971 2854 1015 2906 illa
1032 2855 1215 2920 Callisthenis,
1233 2874 1286 2928 qna

216 2935 292 2989 facile
307 2935 387 2988 scribi
404 2935 494 3006 potuit
508 2935 543 2987 ob
560 2933 683 2985 iteratum
695 2952 729 2994 c;
772 2932 952 2985 Alexandrum
960 2933 994 2986 ad
1003 2932 1187 2987 macedonicos
1197 2954 1286 2989 mores

214 3012 284 3068 linea
292 3034 356 3068 vero
366 3028 512 3068 transversa
522 3015 550 3066 in
558 3013 611 3065 fine
621 3033 727 3085 supere,
771 3032 896 3066 revocare
916 3012 1035 3079 studuit,
1049 3027 1158 3085 apparet
1172 3034 1202 3066 ex
1221 3016 1285 3087 ipsis

215 3095 365 3166 significans
375 3116 411 3156 m,
424 3094 563 3166 permultis
572 3093 636 3146 locis
649 3093 727 3145 omis·
772 3095 828 3163 ejus
839 3093 945 3158 verbis,
959 3110 1018 3163 quae
1039 3107 1100 3146 sunt
1120 3092 1192 3165 apud
1206 3094 1283 3148 Curt.

216 3194 244 3227 sa
257 3187 308 3240 est,
318 3187 426 3228 utrecte
435 3192 542 3245 quoque
553 3175 666 3225 Torren.
679 3191 728 3224 no·
773 3174 854 3238 VIII,
869 3172 898 3237 5,
919 3191 963 3224 12.
982 3173 1115 3225 Nimirum
1126 3176 1285 3244 precabatur

217 3256 288 3308 tavit.
772 3251 817 3302 ille
833 3253 888 3322 regi
903 3270 987 3304 seram
1003 3253 1242 3319 immortalitatem,
1253 3269 1285 3307 ut

259 3353 284 3387 a.
307 3335 445 3386 Dimittens.
460 3331 525 3384 Vid.
546 3331 680 3383 Plutarch.
701 3331 737 3383 in'
772 3331 827 3383 vita
843 3329 968 3384 diuturna
984 3345 1050 3384 esset
1072 3353 1102 3385 ac
1116 3345 1212 3386 aeterna
1227 3354 1285 3388 ma·

217 3413 308 3477 alen,
323 3415 410 3465 Laert.
422 3413 450 3464 in
459 3411 730 3477 Arist.;Curt·VIII,
770 3413 857 3482 jestas.
874 3407 920 3453 -θ
933 3412 1025 3465 erssus.
1047 3412 1203 3483 Indignatus
1223 3415 1287 3467 Ale·

219 3494 252 3558 5,
280 3497 312 3557 6,
334 3505 360 3544 et
379 3510 430 3558 1a;
450 3509 507 3562 cap.
525 3494 556 3547 8,
577 3509 626 3554 ²13
647 3490 729 3542 Justi·
773 3489 888 3556 xander,
905 3493 1007 3564 objecto
1022 3494 1062 3544 illi
1077 3494 1142 3545 falso
1155 3494 1286 3560 crimine,

215 3591 296 3638 num,
309 3573 371 3623 XV.
772 3570 845 3641 qnod
853 3571 988 3625 Hermolai
994 3573 1184 3643 conjurationis
1193 3586 1287 3627 auctor

263 3653 288 3704 3.
313 3650 465 3703 Macedonem
478 3653 579 3721 persica,
597 3647 671 3700 Hanc
692 3649 729 3701 le·
772 3652 926 3723 exstitisset,
939 3654 967 3704 in
988 3672 1118 3705 carcerem
1139 3672 1199 3704 eum
1220 3673 1287 3706 con·

215 3733 345 3793 ctionem,
357 3729 435 3782 MSS.
447 3743 474 3783 et
485 3729 599 3800 antiquis
609 3728 671 3781 edd.
683 3729 729 3780 fir·
770 3732 816 3802 jici
831 3734 916 3804 jussit.
935 3734 975 3784 De
995 3733 1118 3804 supplicii
1137 3751 1232 3803 genere
1245 3732 1289 3786 di·

218 3826 331 3876 matam,
347 3810 442 3864 merito
457 3812 569 3864 Torren.
583 3809 728 3876 revocavit,
772 3825 893 3884 cerepum
905 3824 1034 3865 au0t0res.

216 3911 299 3963 quum
312 3891 387 3963 Pigh.
404 3890 528 3944 edidisset
542 3894 636 3960 persica
655 3909 729 3941 mace·
807 3893 1289 3954 4.Aristoteles.DeAristotelisEtlzica

215 3973 311 4025 donum.
323 3973 403 4024 Recte
414 3971 485 4023 enim
496 3970 645 4024 observavit
653 3970 727 4022 Peri·
772 3970 826 4024 vid.
841 3973 861 4023 F
863 3973 974 4025 rancisci
986 3973 1093 4025 Patricii
1104 3972 1288 4026 Discussiones

216 4053 321 4116 annius,
337 4050 515 4105 Alexandrum
528 4071 582 4103 non
599 4062 726 4101 tantuma
772 4051 969 4122 peripateticos,
982 4072 1041 4123 pag.
1055 4054 1088 4104 31
1104 4065 1131 4104 et
1147 4057 1182 4122 76
1197 4071 1255 4122 sqq.
