2678 4808
223 385 270 454 28
401 339 627 453 vanuum
654 376 861 451 Μιιιιιιιι
889 385 981 451 tin
1010 385 1100 453 vu.

222 518 360 586 crimine
382 515 551 602 dicturus,
573 517 752 583 maximum
776 515 936 584 honorem
959 516 1067 584 subito
1088 530 1203 611 petere
1219 543 1286 588 coe·

222 624 296 718 pit:
314 646 382 690 ιιοιι
404 622 494 716 quod
512 636 675 716 speraret,
695 647 729 690 se
747 619 838 689 illum
860 623 1017 716 consequi
1037 647 1152 716 posse,
1172 624 1229 693 sed
1251 637 1289 693 ut

221 729 383 797 haberent
397 727 565 815 homines,
578 729 635 796 ubi
651 752 847 822 procursum
862 729 936 815 irae,
951 729 1010 821 qni
1023 728 1202 799 acerrimus
1217 754 1288 800 esse

222 833 329 921 solet,
351 834 562 903 effunderent
579 859 588 921 ;
603 853 717 928 'neque
739 859 815 902 eum
836 834 908 903 haec
928 848 995 904 tam
1022 834 1138 904 callida
1160 836 1288 907 consilii

160 973 162 978 ·
221 943 306 1010 ratio
332 939 472 1010 fefellit:
491 940 650 1010 comitiis¹
670 943 758 1009 euim
780 939 924 1009 clamore
946 941 1083 1028 infesto,
1106 956 1139 1010 et
1165 943 1289 1013 crebris

222 1049 323 1116 totius
344 1049 514 1116 concionis
536 1046 635 1116 sibilis
658 1063 813 1133 vexatus,
831 1059 911 1116 nota
931 1049 1029 1115 etiam
1052 1047 1206 1143 denegati
1223 1048 1288 1133 ho,-

223 1155 313 1223 noris
327 1154 541 1248 perstrictus,
556 1153 702 1247 ejusdem
719 1153 823 1248 plebis
842 1153 941 1247 paulo
958 1169 1035 1248 post
1053 1156 1087 1223 in
1102 1154 1291 1224 discrimine

142 1246 146 1254 ¹
222 1261 299 1328 vitae
321 1258 573 1329 clementissima
594 1259 750 1354 suffragia
770 1274 924 1354 expertus
943 1275 1000 1330 est.
1017 1259 1164 1348 Quodsi
1180 1259 1290 1330 adhuc

222 1391 252 1434 ei
245 1365 432 1434 ultionem
454 1367 591 1451 sitienti,
606 1368 721 1459 capitis
740 1391 790 1435 sut
782 1365 992 1461 periculum
1010 1367 1199 1461 objecisset,
1216 1365 1289 1435 nul·

222 1471 288 1541 lam
312 1487 440 1566 partem
462 1472 661 1541 defensionis
681 1472 759 1541 odio
781 1473 939 1542 obseratae
957 1496 1053 1542 aures
1071 1471 1289 1604 reciperentffi

244 1603 312 1673 7.
304 1581 418 1648 .Huic
438 1578 647 1648 vaframento
665 1577 843 1648 consimilis
855 1578 909 1647 iila
927 1565 1105 1648 calliditas³
1119 1581 1292 1674 superior

224 1672 409 1753 Ηιιιιιιιιιιιί4
420 1710 440 1753 a
453 1684 566 1754 Duilio
576 1684 713 1754 consuis
727 1685 834 1754 navali
850 1684 962 1779 praelio
974 1688 1081 1755 victus
1087 1687 1292 1779 ‚timensque

224 1789 335 1860 classis
350 1793 476 1861 amissae
492 1817 606 1885 poenas
621 1791 720 1880 dare,
735 1792 897 1861 offensam
917 1795 1035 1861 astutia
1053 1793 1135 1860 mire
1155 1793 1292 1876 avertit3

224 1921 301 1964 nam
321 1923 360 1965 ex
379 1897 433 1966 illa
455 1898 575 1966 infelici
596 1923 708 1993 pugna
727 1900 819 1993 prius
835 1923 935 2019 qnam
954 1898 1055 1968 cladis
1075 1900 1210 1966 nuntius
1229 1898 1292 1966 do·

224 2028 316 2072 mum
334 2006 539 2134 perveniret,
554 2004 731 2105 quemdam
749 2030 790 2074 ex
805 2007 919 2075 amicis
937 2007 1157 2099 compositum
1175 2019 1210 2072 et
1225 2002 1293 2072 sor·

225 2096 372 2178 matum⁵
396 2111 632 2205 Carthaginem
653 2113 755 2180 misit·
747 2113 834 2205 ,qui
860 2127 1035 2206 postquam
1062 2111 1201 2179 civitatis
1223 2110 1295 2203 ejus

225 2218 352 2284 curiam
370 2219 533 2288 intravit:
554 2247 571 2282 a
585 2216 736 2286 Consulit
745 2220 896 2312 ,inquit,
911 2244 971 2288 vos
990 2215 1174 2304 Hannibal,
1189 2240 1294 2310 quum

124 2376 127 2381 .
224 2321 293 2391 dux
309 2325 539 2392 Romanorum
553 2348 689 2417 magnas
706 2349 817 2394 secum
837 2326 1018 2393 maritimas
1033 2324 1168 2392 trahens
1182 2324 1296 2416 copias

110 2433 114 2438 ’
226 2428 423 2514 advenerit,
454 2454 497 2498 an
524 2455 601 2498 cum
630 2455 670 2498 eo
696 2431 874 2525 confligere
901 2431 1028 2499 debeat.
1047 2460 1065 2495 ιι
1090 2427 1297 2497 Acclamavit

225 2535 399 2605 universus
416 2550 565 2620 senatus,
581 2560 651 2604 non
670 2561 744 2605 esse
759 2537 896 2605 datbtum
915 2543 997 2629 quin
1013 2549 1192 2630 oporteret.
1209 2537 1297 2603 Tum·

225 2639 297 2728 ille,
319 2641 503 2732 conflauit,
529 2644 653 2734 inquit,
668 2657 707 2709 et
724 2658 906 2737 superatus
930 2657 989 2710 est.
1013 2644 1066 2708 Ita
1089 2640 1229 2709 liberum
1258 2643 1297 2709 iis

228 2852 502 2912 opusest‚potestque
513 2851 599 2892 sextus
608 2857 682 2891 casus
691 2857 740 2910 per
783 2839 850 2892 vixit
868 2851 988 2910 tempore
1008 2839 1089 2910 primi
1112 2839 1175 2893 belli
1194 2840 1296 2911 punici.

230 2939 258 2972 se
269 2938 373 2973 causam
387 2918 521 2971 denotare.
784 2920 895 2972 Orosius
919 2938 981 2971 eum
1001 2922 1113 2970 seniorem
1134 2920 1297 2971 Hannibalem

272 3019 297 3053 1.
320 3000 438 3053 Coruinis.
455 2999 487 3051 td
500 3012 555 3063 est,
571 2999 598 3049 in
612 2997 742 3064 comitiis,
784 2999 912 3071 appellat,
928 3012 957 3051 ut
977 2999 1010 3050 ab
1032 2999 1093 3063 illo,
1113 2999 1158 3069 qui
1179 2997 1298 3052 secundo

229 3077 295 3131 dum
309 3080 416 3132 comitia
434 3080 604 3131 haberentur.
621 3078 663 3130 Sic
679 3078 742 3128 ludis
784 3079 855 3131 hello
880 3079 979 3149 punico
1006 3081 1186 3130 Romanorum
1209 3092 1299 3131 terror

230 3178 280 3230 pro
298 3160 407 3211 ludorum
422 3160 471 3212 die.
490 3157 631 3210 Suetonius
645 3157 672 3208 in
687 3157 741 3209 tut.
785 3159 852 3222 fnit,
870 3156 1072 3209 discerneretur.
1094 3158 1183 3212 Aurel.
1202 3158 1300 3212 Victor

232 3240 297 3292 Coes.
311 3240 357 3307 39.
785 3238 861 3289 ittum
876 3249 953 3290 vocat
965 3238 1132 3290 Himilconem.

274 3338 300 3373 2.
310 3320 457 3390 deciperent.
466 3319 518 3370 Pro
526 3320 672 3386 recepissent.
683 3317 746 3369 Cre·
828 3318 853 3369 5.
875 3318 1080 3369 Formatnm.1ta
1097 3319 1211 3371 Torren.
1230 3316 1300 3370 bene

232 3399 280 3450 bra
289 3412 328 3452 est
336 3397 465 3468 ejusmodi
477 3411 626 3468 temporum
636 3415 744 3468 permn-
786 3398 920 3450 revocavit
941 3416 972 3449 ex
982 3397 1122 3468 ,plerisque
1138 3397 1213 3450 MSS.
1230 3399 1300 3450 male

232 3477 374 3531 tatio.Vid.
388 3480 451 3531 infr.
465 3479 587 3541 lib.VlI,
599 3494 656 3547 cap.
670 3483 701 3540 4,
718 3473 743 3537 S.
786 3496 850 3528 vero
867 3477 975 3549 quidam
996 3478 1117 3547 legerunt
1132 3489 1242 3528 ornatum
1257 3479 1300 3530 vel

236 3558 266 3624 53
280 3559 327 3611 lib.
338 3560 418 3622 VIII,
438 3577 494 3629 cap.
511 3577 538 3626 7,
552 3554 577 3619 S.
593 3562 626 3622 43
646 3557 743 3609 Iustin.
787 3557 948 3610 subornatum.
965 3559 1121 3619 Formarum,
1137 3555 1165 3608 id
1187 3569 1241 3622 est,
1258 3557 1300 3610 in-

232 3638 280 3691 lib.
297 3639 382 3702 XIII,
394 3656 451 3708 cap.
471 3639 500 3701 3,
510 3633 535 3698 S.
554 3654 605 3699 113
624 3637 681 3689 Liv.
698 3637 743 3689 lib.
788 3649 914 3689 structum
939 3636 1081 3697 mandatis,
1097 3655 1155 3707 quae
1171 3651 1259 3707 ageret
1275 3650 1302 3689 et

234 3718 365 3781 XXXIV,
375 3737 432 3787 cap.
444 3736 483 3780 ιι,
491 3736 551 3768 cum
561 3730 617 3770 not.
625 3717 744 3769 Gronov.
788 3718 942 3787 loqueretur
949 3718 976 3768 in
984 3718 1107 3768 curia-
1113 3717 1191 3768 Misit.
1200 3717 1303 3770 Plinius

278 3800 302 3851 3.
318 3798 519 3850 Callianassa.
533 3797 567 3850 U.
584 3798 649 3865 493.
662 3799 745 3850 Zona·
789 3817 844 3849 non
861 3798 959 3848 misisse
975 3797 1142 3867 quempiam,
1152 3795 1198 3847 sed
1214 3795 1302 3866 ipsum

234 3897 291 3941 ras;
308 3878 434 3940 Orosius,
449 3877 488 3928 IV
499 3915 506 3941 ,
524 3896 539 3946 7
549 3898 555 3940 ;
573 3878 664 3931 Aurei,
675 3878 745 3929 Vict.
789 3877 936 3948 profugisse
944 3874 1038 3927 ducem
1046 3917 1052 3939 ‚
1061 3875 1247 3946 Carthaginem
1256 3895 1303 3947 pe·

236 3958 393 4011 XXXVIII.
790 3957 902 4020 tisse,et
914 3975 927 4007 a
938 3969 1030 4008 senatu
1040 3957 1190 4027 quaesivisse
1200 3969 1305 4022 narrat,

277 4045 301 4102 4.
318 4037 451 4089 Hannibal.
467 4036 591 4106 Gisgonis
602 4036 687 4101 filius,
700 4037 746 4106 qui
791 4035 855 4106 quid
868 4035 917 4088 sihi
935 4048 1001 4088 esset
1014 4034 1185 4088 faciendum?
