<?xml version="1.0" encoding="UTF-8"?>
<!DOCTYPE html PUBLIC "-//W3C//DTD XHTML 1.0 Transitional//EN"
    "http://www.w3.org/TR/xhtml1/DTD/xhtml1-transitional.dtd">
<html xmlns="http://www.w3.org/1999/xhtml" xml:lang="en" lang="en">
 <head>
  <title>
</title>
<meta http-equiv="Content-Type" content="text/html;charset=utf-8" />
  <meta name='ocr-system' content='tesseract 3.04.00' />
  <meta name='ocr-capabilities' content='ocr_page ocr_carea ocr_par ocr_line ocrx_word'/>
</head>
<body>
  <div class='ocr_page' id='page_1' title='image "bibliothecaclas04lemagoog_0059.png"; bbox 0 0 2678 4808; ppageno 0'>
   <div class='ocr_carea' id='block_1_1' title="bbox 194 349 1098 439">
    <p class='ocr_par' dir='ltr' id='par_1_1' title="bbox 194 349 1098 439">
     <span class='ocr_line' id='line_1_1' title="bbox 194 349 1098 439; baseline -0.004 -20"><span class='ocrx_word' id='word_1_1' title='bbox 194 354 244 439; x_wconf 70' lang='grc'><strong>44</strong></span> <span class='ocrx_word' id='word_1_2' title='bbox 386 350 612 429; x_wconf 76' lang='lat' dir='ltr'>VALEBII</span> <span class='ocrx_word' id='word_1_3' title='bbox 644 349 850 426; x_wconf 82' lang='lat' dir='ltr'>MAXIMI</span> <span class='ocrx_word' id='word_1_4' title='bbox 883 350 977 416; x_wconf 88' lang='lat' dir='ltr'><strong>LIB.</strong></span> <span class='ocrx_word' id='word_1_5' title='bbox 1006 349 1098 415; x_wconf 89' lang='lat' dir='ltr'><strong>VII.</strong></span> 
     </span>
    </p>
   </div>
   <div class='ocr_carea' id='block_1_2' title="bbox 137 478 1303 2170">
    <p class='ocr_par' dir='ltr' id='par_1_2' title="bbox 137 478 1303 2170">
     <span class='ocr_line' id='line_1_2' title="bbox 193 478 1303 575; baseline -0.004 -22"><span class='ocrx_word' id='word_1_6' title='bbox 193 484 491 575; x_wconf 85' lang='lat' dir='ltr'>alimentorumque</span> <span class='ocrx_word' id='word_1_7' title='bbox 512 480 668 551; x_wconf 79' lang='lat' dir='ltr'><strong>facultate</strong></span> <span class='ocrx_word' id='word_1_8' title='bbox 689 480 853 568; x_wconf 88' lang='lat' dir='ltr'><strong>defectos,</strong></span> <span class='ocrx_word' id='word_1_9' title='bbox 876 478 947 549; x_wconf 88' lang='lat' dir='ltr'><strong>lora</strong></span> <span class='ocrx_word' id='word_1_10' title='bbox 969 481 1159 566; x_wconf 86' lang='lat' dir='ltr'><strong>necessariis</strong></span> <span class='ocrx_word' id='word_1_11' title='bbox 1181 482 1260 557; x_wconf 88' lang='lat' dir='ltr'><strong>vin·</strong></span> <span class='ocrx_word' id='word_1_12' title='bbox 1297 540 1303 559; x_wconf 46' lang='grc' dir='ltr'><em>Ι</em></span> 
     </span>
     <span class='ocr_line' id='line_1_3' title="bbox 158 584 1263 686; baseline -0.003 -27"><span class='ocrx_word' id='word_1_13' title='bbox 158 599 166 686; x_wconf 60' lang='lat' dir='ltr'><em>J</em></span> <span class='ocrx_word' id='word_1_14' title='bbox 193 588 345 665; x_wconf 88' lang='lat' dir='ltr'><strong>culorum</strong></span> <span class='ocrx_word' id='word_1_15' title='bbox 371 588 484 657; x_wconf 91' lang='lat' dir='ltr'><strong>usibus</strong></span> <span class='ocrx_word' id='word_1_16' title='bbox 511 588 692 676; x_wconf 90' lang='lat' dir='ltr'><strong>subducta,</strong></span> <span class='ocrx_word' id='word_1_17' title='bbox 717 611 799 681; x_wconf 85' lang='lat' dir='ltr'>eque</span> <span class='ocrx_word' id='word_1_18' title='bbox 823 589 923 656; x_wconf 88' lang='lat' dir='ltr'><strong>scutis</strong></span> <span class='ocrx_word' id='word_1_19' title='bbox 950 586 1114 655; x_wconf 82' lang='lat' dir='ltr'><strong>detractus</strong></span> <span class='ocrx_word' id='word_1_20' title='bbox 1142 584 1263 680; x_wconf 87' lang='lat' dir='ltr'><strong>pelles,</strong></span> 
     </span>
     <span class='ocr_line' id='line_1_4' title="bbox 194 691 1264 788; baseline -0.004 -24"><span class='ocrx_word' id='word_1_21' title='bbox 194 695 336 764; x_wconf 86' lang='lat' dir='ltr'><strong>ferventi</strong></span> <span class='ocrx_word' id='word_1_22' title='bbox 360 693 520 763; x_wconf 83' lang='lat' dir='ltr'><strong>resolutas</strong></span> <span class='ocrx_word' id='word_1_23' title='bbox 544 718 647 788; x_wconf 82' lang='lat' dir='ltr'><strong>aqua,</strong></span> <span class='ocrx_word' id='word_1_24' title='bbox 670 693 827 762; x_wconf 87' lang='lat' dir='ltr'><strong>mandere</strong></span> <span class='ocrx_word' id='word_1_25' title='bbox 850 692 991 762; x_wconf 88' lang='lat' dir='ltr'><strong>voluisti.</strong></span> <span class='ocrx_word' id='word_1_26' title='bbox 1017 692 1108 781; x_wconf 89' lang='lat' dir='ltr'>Quid</span> <span class='ocrx_word' id='word_1_27' title='bbox 1129 691 1210 780; x_wconf 83' lang='lat' dir='ltr'><strong>illis,</strong></span> <span class='ocrx_word' id='word_1_28' title='bbox 1228 694 1264 770; x_wconf 25' lang='lat' dir='ltr'><strong>,si</strong></span> 
     </span>
     <span class='ocr_line' id='line_1_5' title="bbox 194 797 1264 884; baseline -0.004 -14"><span class='ocrx_word' id='word_1_29' title='bbox 194 803 407 871; x_wconf 80' lang='lat' dir='ltr'><strong>acerbitatem</strong></span> <span class='ocrx_word' id='word_1_30' title='bbox 426 825 521 870; x_wconf 87' lang='lat' dir='ltr'><strong>casus</strong></span> <span class='ocrx_word' id='word_1_31' title='bbox 542 802 709 884; x_wconf 86' lang='lat' dir='ltr'><strong>intueare,</strong></span> <span class='ocrx_word' id='word_1_32' title='bbox 731 797 903 868; x_wconf 80' lang='lat' dir='ltr'><strong>miserius?</strong></span> <span class='ocrx_word' id='word_1_33' title='bbox 919 800 946 868; x_wconf 94' lang='lat' dir='ltr'><strong>si</strong></span> <span class='ocrx_word' id='word_1_34' title='bbox 964 800 1187 868; x_wconf 87' lang='lat' dir='ltr'><strong>constantiam</strong></span> <span class='ocrx_word' id='word_1_35' title='bbox 1206 823 1264 867; x_wconf 90' lang='lat' dir='ltr'><strong>re-</strong></span> 
     </span>
     <span class='ocr_line' id='line_1_6' title="bbox 198 902 1266 1002; baseline -0.007 -24"><span class='ocrx_word' id='word_1_36' title='bbox 198 910 316 1002; x_wconf 91' lang='lat' dir='ltr'><strong>spicias</strong></span> <span class='ocrx_word' id='word_1_37' title='bbox 327 961 337 995; x_wconf 89' lang='lat'><strong>,</strong></span> <span class='ocrx_word' id='word_1_38' title='bbox 350 904 500 977; x_wconf 82' lang='lat' dir='ltr'><strong>fidelius?</strong></span> <span class='ocrx_word' id='word_1_39' title='bbox 515 908 589 1000; x_wconf 93' lang='lat' dir='ltr'><strong>qui,</strong></span> <span class='ocrx_word' id='word_1_40' title='bbox 606 932 649 976; x_wconf 89' lang='lat' dir='ltr'><strong>ne</strong></span> <span class='ocrx_word' id='word_1_41' title='bbox 664 931 683 974; x_wconf 90' lang='lat' dir='ltr'><strong>a</strong></span> <span class='ocrx_word' id='word_1_42' title='bbox 698 907 857 975; x_wconf 89' lang='lat' dir='ltr'><strong>Romanis</strong></span> <span class='ocrx_word' id='word_1_43' title='bbox 874 905 1111 993; x_wconf 86' lang='lat' dir='ltr'><strong>desciscerent,</strong></span> <span class='ocrx_word' id='word_1_44' title='bbox 1122 902 1180 973; x_wconf 86' lang='lat' dir='ltr'><strong>tali</strong></span> <span class='ocrx_word' id='word_1_45' title='bbox 1198 905 1266 974; x_wconf 89' lang='lat' dir='ltr'><strong>cibi</strong></span> 
     </span>
     <span class='ocr_line' id='line_1_7' title="bbox 197 1010 1265 1108; baseline -0.004 -25"><span class='ocrx_word' id='word_1_46' title='bbox 197 1038 318 1108; x_wconf 82' lang='lat' dir='ltr'><strong>genere</strong></span> <span class='ocrx_word' id='word_1_47' title='bbox 330 1015 378 1081; x_wconf 92' lang='lat' dir='ltr'><strong>uti</strong></span> <span class='ocrx_word' id='word_1_48' title='bbox 393 1015 643 1101; x_wconf 89' lang='lat' dir='ltr'><strong>sustinuerunt,</strong></span> <span class='ocrx_word' id='word_1_49' title='bbox 659 1038 763 1106; x_wconf 90' lang='lat' dir='ltr'><strong>quum</strong></span> <span class='ocrx_word' id='word_1_50' title='bbox 776 1012 991 1106; x_wconf 86' lang='lat' dir='ltr'><strong>pinguissima</strong></span> <span class='ocrx_word' id='word_1_51' title='bbox 1004 1035 1084 1079; x_wconf 89' lang='lat' dir='ltr'><strong>arva</strong></span> <span class='ocrx_word' id='word_1_52' title='bbox 1100 1033 1158 1080; x_wconf 89' lang='lat' dir='ltr'><strong>sua</strong></span> <span class='ocrx_word' id='word_1_53' title='bbox 1172 1010 1265 1079; x_wconf 87' lang='lat' dir='ltr'><strong>ferti-</strong></span> 
     </span>
     <span class='ocr_line' id='line_1_8' title="bbox 198 1118 1264 1214; baseline -0.002 -28"><span class='ocrx_word' id='word_1_54' title='bbox 198 1118 403 1214; x_wconf 89' lang='lat' dir='ltr'><strong>lissimosque</strong></span> <span class='ocrx_word' id='word_1_55' title='bbox 427 1144 562 1214; x_wconf 87' lang='lat' dir='ltr'><strong>campos</strong></span> <span class='ocrx_word' id='word_1_56' title='bbox 584 1119 747 1189; x_wconf 84' lang='lat' dir='ltr'><strong>moenibus</strong></span> <span class='ocrx_word' id='word_1_57' title='bbox 770 1120 836 1187; x_wconf 90' lang='lat' dir='ltr'><strong>suis</strong></span> <span class='ocrx_word' id='word_1_58' title='bbox 857 1118 1021 1211; x_wconf 86' lang='lat' dir='ltr'><strong>subjectos</strong></span> <span class='ocrx_word' id='word_1_59' title='bbox 1045 1119 1264 1186; x_wconf 85' lang='lat' dir='ltr'><strong>intuerentur.</strong></span> 
     </span>
     <span class='ocr_line' id='line_1_9' title="bbox 197 1221 1268 1320; baseline -0.003 -26"><span class='ocrx_word' id='word_1_60' title='bbox 197 1229 315 1320; x_wconf 82' lang='lat' dir='ltr'><strong>Itaque</strong></span> <span class='ocrx_word' id='word_1_61' title='bbox 337 1228 516 1320; x_wconf 85' lang='lat' dir='ltr'><strong>Campanae</strong></span> <span class='ocrx_word' id='word_1_62' title='bbox 537 1226 628 1295; x_wconf 91' lang='lat' dir='ltr'><strong>urbis</strong></span> <span class='ocrx_word' id='word_1_63' title='bbox 639 1224 661 1313; x_wconf 89' lang='lat'><strong>¹,</strong></span> <span class='ocrx_word' id='word_1_64' title='bbox 683 1251 756 1319; x_wconf 87' lang='lat' dir='ltr'><strong>quae</strong></span> <span class='ocrx_word' id='word_1_65' title='bbox 780 1225 935 1318; x_wconf 90' lang='lat' dir='ltr'><strong>punicam</strong></span> <span class='ocrx_word' id='word_1_66' title='bbox 957 1223 1121 1292; x_wconf 86' lang='lat' dir='ltr'><strong>feritatem</strong></span> <span class='ocrx_word' id='word_1_67' title='bbox 1141 1221 1268 1293; x_wconf 90' lang='lat' dir='ltr'><strong>deliciis</strong></span> 
     </span>
     <span class='ocr_line' id='line_1_10' title="bbox 200 1328 1267 1426; baseline -0.002 -26"><span class='ocrx_word' id='word_1_68' title='bbox 200 1334 266 1401; x_wconf 91' lang='lat' dir='ltr'><strong>suis</strong></span> <span class='ocrx_word' id='word_1_69' title='bbox 289 1332 407 1426; x_wconf 90' lang='lat' dir='ltr'><strong>cupide</strong></span> <span class='ocrx_word' id='word_1_70' title='bbox 430 1332 532 1421; x_wconf 81' lang='lat' dir='ltr'><strong>fovit,</strong></span> <span class='ocrx_word' id='word_1_71' title='bbox 553 1330 588 1400; x_wconf 88' lang='lat' dir='ltr'><strong>in</strong></span> <span class='ocrx_word' id='word_1_72' title='bbox 607 1334 795 1426; x_wconf 92' lang='lat' dir='ltr'><strong>propinquo</strong></span> <span class='ocrx_word' id='word_1_73' title='bbox 817 1331 916 1398; x_wconf 89' lang='lat' dir='ltr'><strong>situm</strong></span> <span class='ocrx_word' id='word_1_74' title='bbox 938 1329 1140 1417; x_wconf 87' lang='lat' dir='ltr'><strong>Casilinum,</strong></span> <span class='ocrx_word' id='word_1_75' title='bbox 1163 1328 1267 1398; x_wconf 90' lang='lat' dir='ltr'><strong>modo</strong></span> 
     </span>
     <span class='ocr_line' id='line_1_11' title="bbox 199 1436 1267 1533; baseline -0.002 -27"><span class='ocrx_word' id='word_1_76' title='bbox 199 1462 274 1506; x_wconf 87' lang='lat' dir='ltr'><strong>rara</strong></span> <span class='ocrx_word' id='word_1_77' title='bbox 294 1439 417 1507; x_wconf 88' lang='lat' dir='ltr'><strong>virtute</strong></span> <span class='ocrx_word' id='word_1_78' title='bbox 442 1437 588 1526; x_wconf 88' lang='lat' dir='ltr'><strong>clarum,</strong></span> <span class='ocrx_word' id='word_1_79' title='bbox 610 1437 850 1533; x_wconf 85' lang='lat' dir='ltr'><strong>perseverantis</strong></span> <span class='ocrx_word' id='word_1_80' title='bbox 870 1437 1020 1505; x_wconf 85' lang='lat' dir='ltr'><strong>amicitiae</strong></span> <span class='ocrx_word' id='word_1_81' title='bbox 1042 1438 1180 1530; x_wconf 82' lang='lat' dir='ltr'><strong>pignore</strong></span> <span class='ocrx_word' id='word_1_82' title='bbox 1204 1436 1267 1504; x_wconf 90' lang='lat' dir='ltr'><strong>im·</strong></span> 
     </span>
     <span class='ocr_line' id='line_1_12' title="bbox 200 1544 623 1638; baseline 0.002 -27"><span class='ocrx_word' id='word_1_83' title='bbox 200 1546 272 1638; x_wconf 93' lang='lat' dir='ltr'><strong>pios</strong></span> <span class='ocrx_word' id='word_1_84' title='bbox 295 1544 408 1614; x_wconf 87' lang='lat' dir='ltr'><strong>oculos</strong></span> <span class='ocrx_word' id='word_1_85' title='bbox 426 1545 623 1613; x_wconf 82' lang='lat' dir='ltr'><strong>verberavit.</strong></span> 
     </span>
     <span class='ocr_line' id='line_1_13' title="bbox 256 1647 1270 1744; baseline -0.003 -25"><span class='ocrx_word' id='word_1_86' title='bbox 256 1648 289 1719; x_wconf 83' lang='lat'><strong>3.</strong></span> <span class='ocrx_word' id='word_1_87' title='bbox 312 1653 354 1718; x_wconf 91' lang='lat' dir='ltr'><strong>In</strong></span> <span class='ocrx_word' id='word_1_88' title='bbox 373 1650 429 1720; x_wconf 86' lang='lat' dir='ltr'><strong>illa</strong></span> <span class='ocrx_word' id='word_1_89' title='bbox 452 1650 622 1720; x_wconf 90' lang='lat' dir='ltr'><strong>obsidione</strong></span> <span class='ocrx_word' id='word_1_90' title='bbox 646 1664 680 1719; x_wconf 88' lang='lat' dir='ltr'><strong>et</strong></span> <span class='ocrx_word' id='word_1_91' title='bbox 703 1649 769 1718; x_wconf 91' lang='lat' dir='ltr'><strong>fide</strong></span> <span class='ocrx_word' id='word_1_92' title='bbox 791 1674 894 1744; x_wconf 92' lang='lat' dir='ltr'><strong>quum</strong></span> <span class='ocrx_word' id='word_1_93' title='bbox 918 1647 1057 1717; x_wconf 86' lang='lat' dir='ltr'><strong>trecenti</strong></span> <span class='ocrx_word' id='word_1_94' title='bbox 1077 1648 1270 1727; x_wconf 85' lang='lat' dir='ltr'><strong>Praenestini</strong></span> 
     </span>
     <span class='ocr_line' id='line_1_14' title="bbox 137 1754 1269 1850; baseline -0.004 -23"><span class='ocrx_word' id='word_1_95' title='bbox 137 1839 138 1850; x_wconf 38' lang='lat'><strong>,</strong></span> <span class='ocrx_word' id='word_1_96' title='bbox 200 1754 463 1850; x_wconf 85' lang='lat' dir='ltr'><strong>permanerent²,</strong></span> <span class='ocrx_word' id='word_1_97' title='bbox 481 1759 606 1846; x_wconf 90' lang='lat' dir='ltr'><strong>evenit,</strong></span> <span class='ocrx_word' id='word_1_98' title='bbox 626 1771 665 1825; x_wconf 88' lang='lat' dir='ltr'><strong>ut</strong></span> <span class='ocrx_word' id='word_1_99' title='bbox 686 1781 730 1825; x_wconf 86' lang='lat' dir='ltr'><strong>ex</strong></span> <span class='ocrx_word' id='word_1_100' title='bbox 751 1756 802 1825; x_wconf 89' lang='lat' dir='ltr'><strong>bis</strong></span> <span class='ocrx_word' id='word_1_101' title='bbox 825 1755 959 1850; x_wconf 88' lang='lat' dir='ltr'><strong>quidam</strong></span> <span class='ocrx_word' id='word_1_102' title='bbox 979 1779 1109 1823; x_wconf 91' lang='lat' dir='ltr'><strong>murem</strong></span> <span class='ocrx_word' id='word_1_103' title='bbox 1130 1768 1269 1848; x_wconf 85' lang='lat' dir='ltr'><strong>captum</strong></span> 
     </span>
     <span class='ocr_line' id='line_1_15' title="bbox 202 1859 1269 1958; baseline -0.002 -28"><span class='ocrx_word' id='word_1_104' title='bbox 202 1863 352 1933; x_wconf 88' lang='lat' dir='ltr'><strong>ducentis</strong></span> <span class='ocrx_word' id='word_1_105' title='bbox 371 1864 481 1958; x_wconf 92' lang='lat' dir='ltr'><strong>potius</strong></span> <span class='ocrx_word' id='word_1_106' title='bbox 502 1863 644 1932; x_wconf 85' lang='lat' dir='ltr'><strong>denariis</strong></span> <span class='ocrx_word' id='word_1_107' title='bbox 662 1862 823 1949; x_wconf 88' lang='lat' dir='ltr'><strong>vendere,</strong></span> <span class='ocrx_word' id='word_1_108' title='bbox 838 1888 938 1957; x_wconf 86' lang='lat' dir='ltr'><strong>quarn</strong></span> <span class='ocrx_word' id='word_1_109' title='bbox 956 1863 1026 1956; x_wconf 93' lang='lat' dir='ltr'><strong>ipse</strong></span> <span class='ocrx_word' id='word_1_110' title='bbox 1045 1859 1204 1930; x_wconf 81' lang='lat' dir='ltr'><strong>leniendae</strong></span> <span class='ocrx_word' id='word_1_111' title='bbox 1220 1859 1269 1928; x_wconf 83' lang='lat' dir='ltr'><strong>fa-</strong></span> 
     </span>
     <span class='ocr_line' id='line_1_16' title="bbox 201 1967 1270 2064; baseline -0.003 -26"><span class='ocrx_word' id='word_1_112' title='bbox 201 1971 265 2038; x_wconf 91' lang='lat' dir='ltr'><strong>mis</strong></span> <span class='ocrx_word' id='word_1_113' title='bbox 285 1972 397 2064; x_wconf 82' lang='lat' dir='ltr'><strong>gratia</strong></span> <span class='ocrx_word' id='word_1_114' title='bbox 409 1995 604 2060; x_wconf 88' lang='lat' dir='ltr'><strong>consumere</strong></span> <span class='ocrx_word' id='word_1_115' title='bbox 620 1968 756 2053; x_wconf 64' lang='lat' dir='ltr'><strong>mallet,</strong></span> <span class='ocrx_word' id='word_1_116' title='bbox 770 1969 845 2056; x_wconf 86' lang='lat' dir='ltr'><strong>sed,</strong></span> <span class='ocrx_word' id='word_1_117' title='bbox 860 1968 979 2056; x_wconf 91' lang='lat' dir='ltr'><strong>credo,</strong></span> <span class='ocrx_word' id='word_1_118' title='bbox 995 1967 1133 2035; x_wconf 91' lang='lat' dir='ltr'><strong>deorum</strong></span> <span class='ocrx_word' id='word_1_119' title='bbox 1155 1967 1270 2062; x_wconf 92' lang='lat' dir='ltr'><strong>provi·</strong></span> 
     </span>
     <span class='ocr_line' id='line_1_17' title="bbox 202 2061 1270 2170; baseline -0.002 -27"><span class='ocrx_word' id='word_1_120' title='bbox 202 2061 333 2143; x_wconf 77' lang='lat' dir='ltr'><strong>dentia3</strong></span> <span class='ocrx_word' id='word_1_121' title='bbox 348 2091 381 2144; x_wconf 90' lang='lat' dir='ltr'><strong>et</strong></span> <span class='ocrx_word' id='word_1_122' title='bbox 397 2076 564 2145; x_wconf 87' lang='lat' dir='ltr'><strong>venditori.</strong></span> <span class='ocrx_word' id='word_1_123' title='bbox 574 2091 608 2146; x_wconf 93' lang='lat' dir='ltr'><strong>et</strong></span> <span class='ocrx_word' id='word_1_124' title='bbox 622 2078 779 2170; x_wconf 84' lang='lat' dir='ltr'><strong>emptori,</strong></span> <span class='ocrx_word' id='word_1_125' title='bbox 794 2100 892 2169; x_wconf 91' lang='lat' dir='ltr'><strong>quem</strong></span> <span class='ocrx_word' id='word_1_126' title='bbox 907 2090 1045 2168; x_wconf 87' lang='lat' dir='ltr'><strong>uterque</strong></span> <span class='ocrx_word' id='word_1_127' title='bbox 1058 2074 1270 2157; x_wconf 84' lang='lat' dir='ltr'><strong>merebatur,</strong></span> 
     </span>
    </p>
   </div>
   <div class='ocr_carea' id='block_1_3' title="bbox 132 2265 1280 4099">
    <p class='ocr_par' dir='ltr' id='par_1_3' title="bbox 203 2265 1280 3775">
     <span class='ocr_line' id='line_1_18' title="bbox 203 2265 1273 2339; baseline 0 -19"><span class='ocrx_word' id='word_1_128' title='bbox 203 2267 350 2320; x_wconf 88' lang='lat' dir='ltr'><strong>cessitatem</strong></span> <span class='ocrx_word' id='word_1_129' title='bbox 382 2268 466 2339; x_wconf 85' lang='lat' dir='ltr'><strong>ipsam</strong></span> <span class='ocrx_word' id='word_1_130' title='bbox 493 2269 614 2339; x_wconf 83' lang='lat' dir='ltr'><strong>appellat.</strong></span> <span class='ocrx_word' id='word_1_131' title='bbox 641 2269 715 2322; x_wconf 90' lang='lat' dir='ltr'><strong>Non·</strong></span> <span class='ocrx_word' id='word_1_132' title='bbox 758 2269 827 2321; x_wconf 87' lang='lat' dir='ltr'><strong>Nam</strong></span> <span class='ocrx_word' id='word_1_133' title='bbox 852 2268 958 2321; x_wconf 87' lang='lat' dir='ltr'><strong>luxuria</strong></span> <span class='ocrx_word' id='word_1_134' title='bbox 982 2286 1094 2339; x_wconf 88' lang='lat' dir='ltr'><strong>corpore</strong></span> <span class='ocrx_word' id='word_1_135' title='bbox 1121 2279 1148 2320; x_wconf 90' lang='lat' dir='ltr'><strong>et</strong></span> <span class='ocrx_word' id='word_1_136' title='bbox 1176 2265 1273 2320; x_wconf 82' lang='lat' dir='ltr'><strong>animis</strong></span> 
     </span>
     <span class='ocr_line' id='line_1_19' title="bbox 203 2345 1276 2419; baseline 0 -21"><span class='ocrx_word' id='word_1_137' title='bbox 203 2347 272 2398; x_wconf 87' lang='lat' dir='ltr'><strong>nulli</strong></span> <span class='ocrx_word' id='word_1_138' title='bbox 281 2345 360 2400; x_wconf 88' lang='lat' dir='ltr'><strong>codd.</strong></span> <span class='ocrx_word' id='word_1_139' title='bbox 371 2348 452 2398; x_wconf 84' lang='lat' dir='ltr'><strong>eadem</strong></span> <span class='ocrx_word' id='word_1_140' title='bbox 463 2347 606 2401; x_wconf 79' lang='lat' dir='ltr'><strong>Casilinates</strong></span> <span class='ocrx_word' id='word_1_141' title='bbox 615 2349 716 2400; x_wconf 84' lang='lat' dir='ltr'><strong>obsidio-</strong></span> <span class='ocrx_word' id='word_1_142' title='bbox 758 2348 890 2414; x_wconf 88' lang='lat' dir='ltr'><strong>enervati,</strong></span> <span class='ocrx_word' id='word_1_143' title='bbox 900 2349 946 2419; x_wconf 90' lang='lat' dir='ltr'><strong>qui</strong></span> <span class='ocrx_word' id='word_1_144' title='bbox 957 2359 1033 2399; x_wconf 82' lang='lat' dir='ltr'><strong>antea</strong></span> <span class='ocrx_word' id='word_1_145' title='bbox 1044 2347 1137 2400; x_wconf 88' lang='lat' dir='ltr'><strong>invicti</strong></span> <span class='ocrx_word' id='word_1_146' title='bbox 1152 2346 1276 2412; x_wconf 69' lang='lat' dir='ltr'><strong>fuerant,</strong></span> 
     </span>
     <span class='ocr_line' id='line_1_20' title="bbox 205 2427 1273 2493; baseline 0.001 -16"><span class='ocrx_word' id='word_1_147' title='bbox 205 2446 234 2477; x_wconf 88' lang='lat' dir='ltr'><strong>ne</strong></span> <span class='ocrx_word' id='word_1_148' title='bbox 248 2427 396 2479; x_wconf 84' lang='lat' dir='ltr'><strong>Hannibalis</strong></span> <span class='ocrx_word' id='word_1_149' title='bbox 411 2428 500 2492; x_wconf 82' lang='lat' dir='ltr'><strong>clausi,</strong></span> <span class='ocrx_word' id='word_1_150' title='bbox 576 2429 663 2493; x_wconf 70' lang='lat' dir='ltr'><strong>defhcti</strong></span> <span class='ocrx_word' id='word_1_151' title='bbox 759 2440 823 2480; x_wconf 88' lang='lat' dir='ltr'><strong>tuno</strong></span> <span class='ocrx_word' id='word_1_152' title='bbox 841 2428 887 2480; x_wconf 87' lang='lat' dir='ltr'><strong>vix</strong></span> <span class='ocrx_word' id='word_1_153' title='bbox 906 2428 1008 2480; x_wconf 79' lang='lat' dir='ltr'><strong>militiae</strong></span> <span class='ocrx_word' id='word_1_154' title='bbox 1021 2427 1124 2479; x_wconf 84' lang='lat' dir='ltr'><strong>labores</strong></span> <span class='ocrx_word' id='word_1_155' title='bbox 1139 2427 1273 2479; x_wconf 86' lang='lat' dir='ltr'><strong>sustinue-</strong></span> 
     </span>
     <span class='ocr_line' id='line_1_21' title="bbox 203 2505 1273 2577; baseline 0.002 -21"><span class='ocrx_word' id='word_1_156' title='bbox 203 2507 322 2559; x_wconf 79' lang='lat' dir='ltr'><strong>ooluistis.</strong></span> <span class='ocrx_word' id='word_1_157' title='bbox 335 2505 386 2558; x_wconf 89' lang='lat' dir='ltr'><strong>Sed</strong></span> <span class='ocrx_word' id='word_1_158' title='bbox 399 2525 455 2558; x_wconf 90' lang='lat' dir='ltr'><strong>non</strong></span> <span class='ocrx_word' id='word_1_159' title='bbox 469 2507 531 2560; x_wconf 85' lang='lat' dir='ltr'><strong>satis</strong></span> <span class='ocrx_word' id='word_1_160' title='bbox 542 2521 613 2561; x_wconf 88' lang='lat' dir='ltr'><strong>recte</strong></span> <span class='ocrx_word' id='word_1_161' title='bbox 627 2507 716 2560; x_wconf 77' lang='lat' dir='ltr'><strong>Casili·</strong></span> <span class='ocrx_word' id='word_1_162' title='bbox 758 2521 830 2560; x_wconf 86' lang='lat' dir='ltr'><strong>runt.</strong></span> <span class='ocrx_word' id='word_1_163' title='bbox 843 2538 883 2549; x_wconf 91' lang='lat'><strong>-</strong></span> <span class='ocrx_word' id='word_1_164' title='bbox 896 2507 974 2560; x_wconf 79' lang='lat' dir='ltr'><strong>Modo</strong></span> <span class='ocrx_word' id='word_1_165' title='bbox 994 2526 1060 2560; x_wconf 85' lang='lat' dir='ltr'><strong>rara.</strong></span> <span class='ocrx_word' id='word_1_166' title='bbox 1080 2507 1122 2559; x_wconf 86' lang='lat' dir='ltr'><strong>Ita</strong></span> <span class='ocrx_word' id='word_1_167' title='bbox 1141 2506 1218 2577; x_wconf 84' lang='lat' dir='ltr'><strong>Pigh.</strong></span> <span class='ocrx_word' id='word_1_168' title='bbox 1239 2524 1273 2558; x_wconf 84' lang='lat' dir='ltr'><strong>ex</strong></span> 
     </span>
     <span class='ocr_line' id='line_1_22' title="bbox 205 2583 1273 2650; baseline 0.005 -16"><span class='ocrx_word' id='word_1_169' title='bbox 205 2597 272 2635; x_wconf 86' lang='lat' dir='ltr'><strong>nates</strong></span> <span class='ocrx_word' id='word_1_170' title='bbox 287 2583 414 2638; x_wconf 89' lang='lat' dir='ltr'><strong>dicuntur</strong></span> <span class='ocrx_word' id='word_1_171' title='bbox 424 2587 528 2638; x_wconf 75' lang='lat' dir='ltr'><strong>relisisse</strong></span> <span class='ocrx_word' id='word_1_172' title='bbox 538 2588 581 2638; x_wconf 78' lang='lat' dir='ltr'><strong>illa</strong></span> <span class='ocrx_word' id='word_1_173' title='bbox 592 2588 716 2650; x_wconf 83' lang='lat' dir='ltr'><strong>mandere,</strong></span> <span class='ocrx_word' id='word_1_174' title='bbox 759 2586 872 2642; x_wconf 72' lang='lat' dir='ltr'><strong>Which.</strong></span> <span class='ocrx_word' id='word_1_175' title='bbox 883 2587 940 2638; x_wconf 89' lang='lat' dir='ltr'><strong>Col.</strong></span> <span class='ocrx_word' id='word_1_176' title='bbox 949 2586 1005 2638; x_wconf 88' lang='lat' dir='ltr'><strong>Sus.</strong></span> <span class='ocrx_word' id='word_1_177' title='bbox 1016 2599 1042 2638; x_wconf 87' lang='lat' dir='ltr'><strong>et</strong></span> <span class='ocrx_word' id='word_1_178' title='bbox 1049 2586 1170 2639; x_wconf 81' lang='lat' dir='ltr'><strong>Pulman.</strong></span> <span class='ocrx_word' id='word_1_179' title='bbox 1177 2584 1273 2639; x_wconf 86' lang='lat' dir='ltr'><strong>edidit.</strong></span> 
     </span>
     <span class='ocr_line' id='line_1_23' title="bbox 205 2663 1275 2736; baseline 0.003 -21"><span class='ocrx_word' id='word_1_180' title='bbox 205 2664 381 2736; x_wconf 83' lang='lat' dir='ltr'><strong>quisuprema</strong></span> <span class='ocrx_word' id='word_1_181' title='bbox 390 2666 680 2736; x_wconf 84' lang='lat' dir='ltr'><strong>compulsinecessitnte</strong></span> <span class='ocrx_word' id='word_1_182' title='bbox 689 2664 717 2718; x_wconf 91' lang='lat' dir='ltr'><strong>id</strong></span> <span class='ocrx_word' id='word_1_183' title='bbox 760 2663 970 2730; x_wconf 82' lang='lat' dir='ltr'><strong>Quidam,mod0</strong></span> <span class='ocrx_word' id='word_1_184' title='bbox 983 2685 1071 2718; x_wconf 83' lang='lat' dir='ltr'><strong>rorum.</strong></span> <span class='ocrx_word' id='word_1_185' title='bbox 1089 2666 1180 2718; x_wconf 88' lang='lat' dir='ltr'><strong>Plures</strong></span> <span class='ocrx_word' id='word_1_186' title='bbox 1192 2666 1275 2718; x_wconf 86' lang='lat' dir='ltr'><strong>etiam</strong></span> 
     </span>
     <span class='ocr_line' id='line_1_24' title="bbox 205 2745 1275 2814; baseline 0 -18"><span class='ocrx_word' id='word_1_187' title='bbox 205 2745 340 2810; x_wconf 82' lang='lat' dir='ltr'><strong>fecerunt3</strong></span> <span class='ocrx_word' id='word_1_188' title='bbox 356 2746 424 2798; x_wconf 90' lang='lat' dir='ltr'><strong>bene</strong></span> <span class='ocrx_word' id='word_1_189' title='bbox 436 2764 500 2798; x_wconf 88' lang='lat' dir='ltr'><strong>vero</strong></span> <span class='ocrx_word' id='word_1_190' title='bbox 512 2745 579 2798; x_wconf 92' lang='lat' dir='ltr'><strong>illud</strong></span> <span class='ocrx_word' id='word_1_191' title='bbox 591 2746 718 2798; x_wconf 88' lang='lat' dir='ltr'><strong>tribuitur</strong></span> <span class='ocrx_word' id='word_1_192' title='bbox 760 2745 913 2796; x_wconf 81' lang='lat' dir='ltr'><strong>moderatum.</strong></span> <span class='ocrx_word' id='word_1_193' title='bbox 924 2745 1075 2798; x_wconf 90' lang='lat' dir='ltr'><strong>Perizonius</strong></span> <span class='ocrx_word' id='word_1_194' title='bbox 1086 2745 1193 2814; x_wconf 87' lang='lat' dir='ltr'><strong>conjicit</strong></span> <span class='ocrx_word' id='word_1_195' title='bbox 1203 2745 1275 2798; x_wconf 85' lang='lat' dir='ltr'><strong>Casi-</strong></span> 
     </span>
     <span class='ocr_line' id='line_1_25' title="bbox 206 2813 1275 2897; baseline 0.001 -22"><span class='ocrx_word' id='word_1_196' title='bbox 206 2824 355 2876; x_wconf 88' lang='lat' dir='ltr'><strong>necessitati</strong></span> <span class='ocrx_word' id='word_1_197' title='bbox 374 2844 422 2897; x_wconf 88' lang='lat' dir='ltr'><strong>per</strong></span> <span class='ocrx_word' id='word_1_198' title='bbox 441 2826 663 2897; x_wconf 76' lang='lat' dir='ltr'><strong>prosopopoeiam.</strong></span> <span class='ocrx_word' id='word_1_199' title='bbox 678 2856 718 2867; x_wconf 94' lang='lat'>-</span> <span class='ocrx_word' id='word_1_200' title='bbox 745 2874 748 2879; x_wconf 83' lang='grc'><strong>,</strong></span> <span class='ocrx_word' id='word_1_201' title='bbox 761 2826 835 2877; x_wconf 89' lang='lat' dir='ltr'><strong>linum</strong></span> <span class='ocrx_word' id='word_1_202' title='bbox 846 2829 967 2876; x_wconf 83' lang='lat' dir='ltr'><strong>contrario</strong></span> <span class='ocrx_word' id='word_1_203' title='bbox 980 2829 1071 2876; x_wconf 78' lang='lat' dir='ltr'><strong>virtute</strong></span> <span class='ocrx_word' id='word_1_204' title='bbox 1088 2813 1275 2876; x_wconf 48' lang='lat' dir='ltr'><strong>clarumsTor-</strong></span> 
     </span>
     <span class='ocr_line' id='line_1_26' title="bbox 210 2903 1275 2975; baseline 0.001 -19"><span class='ocrx_word' id='word_1_205' title='bbox 210 2903 349 2956; x_wconf 79' lang='lat' dir='ltr'><strong>Obsidione.</strong></span> <span class='ocrx_word' id='word_1_206' title='bbox 359 2906 410 2957; x_wconf 83' lang='lat' dir='ltr'><strong>An.</strong></span> <span class='ocrx_word' id='word_1_207' title='bbox 420 2905 456 2957; x_wconf 90' lang='lat' dir='ltr'><strong>U.</strong></span> <span class='ocrx_word' id='word_1_208' title='bbox 469 2906 535 2975; x_wconf 84' lang='lat'><strong>537.</strong></span> <span class='ocrx_word' id='word_1_209' title='bbox 543 2906 601 2958; x_wconf 86' lang='lat' dir='ltr'><strong>Liv.</strong></span> <span class='ocrx_word' id='word_1_210' title='bbox 610 2904 718 2970; x_wconf 82' lang='lat' dir='ltr'>XXIII,</span> <span class='ocrx_word' id='word_1_211' title='bbox 761 2905 851 2956; x_wconf 90' lang='lat' dir='ltr'><strong>renius</strong></span> <span class='ocrx_word' id='word_1_212' title='bbox 865 2918 952 2957; x_wconf 86' lang='lat' dir='ltr'><strong>autem</strong></span> <span class='ocrx_word' id='word_1_213' title='bbox 968 2923 975 2957; x_wconf 76' lang='grc' dir='ltr'><em>τ</em></span> <span class='ocrx_word' id='word_1_214' title='bbox 993 2905 1275 2957; x_wconf 83' lang='lat' dir='ltr'><strong>Casilinum&#39;roboratum</strong></span> 
     </span>
     <span class='ocr_line' id='line_1_27' title="bbox 211 2982 1276 3056; baseline 0.002 -21"><span class='ocrx_word' id='word_1_215' title='bbox 211 3001 262 3052; x_wconf 84' lang='lat'><strong>19;</strong></span> <span class='ocrx_word' id='word_1_216' title='bbox 276 2984 332 3037; x_wconf 88' lang='lat' dir='ltr'><strong>Cic.</strong></span> <span class='ocrx_word' id='word_1_217' title='bbox 345 2982 379 3036; x_wconf 88' lang='lat' dir='ltr'><strong>de</strong></span> <span class='ocrx_word' id='word_1_218' title='bbox 395 2985 454 3037; x_wconf 84' lang='lat' dir='ltr'><strong>Inv.</strong></span> <span class='ocrx_word' id='word_1_219' title='bbox 468 2985 511 3050; x_wconf 91' lang='lat' dir='ltr'><strong>II,</strong></span> <span class='ocrx_word' id='word_1_220' title='bbox 527 2988 570 3052; x_wconf 85' lang='lat'><strong>57.</strong></span> <span class='ocrx_word' id='word_1_221' title='bbox 587 2984 719 3037; x_wconf 84' lang='lat' dir='ltr'><strong>Casilinum</strong></span> <span class='ocrx_word' id='word_1_222' title='bbox 761 2989 865 3046; x_wconf 77' lang='lat' dir='ltr'><strong>uirtute,</strong></span> <span class='ocrx_word' id='word_1_223' title='bbox 878 2985 977 3036; x_wconf 80' lang='lat' dir='ltr'><strong>clarum.</strong></span> <span class='ocrx_word' id='word_1_224' title='bbox 994 2985 1083 3056; x_wconf 86' lang='lat' dir='ltr'><strong>Kapp.</strong></span> <span class='ocrx_word' id='word_1_225' title='bbox 1100 2983 1185 3037; x_wconf 88' lang='lat' dir='ltr'><strong>credit</strong></span> <span class='ocrx_word' id='word_1_226' title='bbox 1204 2986 1276 3037; x_wconf 73' lang='lat' dir='ltr'><strong>niodo</strong></span> 
     </span>
     <span class='ocr_line' id='line_1_28' title="bbox 208 3063 1277 3135; baseline 0.003 -21"><span class='ocrx_word' id='word_1_227' title='bbox 208 3064 316 3134; x_wconf 83' lang='lat' dir='ltr'><strong>profugi</strong></span> <span class='ocrx_word' id='word_1_228' title='bbox 335 3085 349 3117; x_wconf 83' lang='lat' dir='ltr'><strong>a</strong></span> <span class='ocrx_word' id='word_1_229' title='bbox 368 3064 466 3116; x_wconf 86' lang='lat' dir='ltr'><strong>Cannis</strong></span> <span class='ocrx_word' id='word_1_230' title='bbox 492 3077 660 3135; x_wconf 82' lang='lat' dir='ltr'><strong>occuparant.</strong></span> <span class='ocrx_word' id='word_1_231' title='bbox 683 3064 719 3115; x_wconf 93' lang='lat' dir='ltr'><strong>Hi</strong></span> <span class='ocrx_word' id='word_1_232' title='bbox 762 3063 1277 3135; x_wconf 83' lang='lat' dir='ltr'><strong>rarnmortumesseexmoderatum,quod</strong></span> 
     </span>
     <span class='ocr_line' id='line_1_29' title="bbox 209 3144 1274 3216; baseline 0.002 -21"><span class='ocrx_word' id='word_1_233' title='bbox 209 3161 292 3213; x_wconf 88' lang='lat' dir='ltr'><strong>quum</strong></span> <span class='ocrx_word' id='word_1_234' title='bbox 307 3145 452 3196; x_wconf 85' lang='lat' dir='ltr'><strong>Poenorum</strong></span> <span class='ocrx_word' id='word_1_235' title='bbox 471 3144 600 3196; x_wconf 78' lang='lat' dir='ltr'><strong>exercitur</strong></span> <span class='ocrx_word' id='word_1_236' title='bbox 617 3157 719 3214; x_wconf 88' lang='lat' dir='ltr'><strong>partem</strong></span> <span class='ocrx_word' id='word_1_237' title='bbox 762 3145 883 3216; x_wconf 79' lang='lat' dir='ltr'><strong>proefert3</strong></span> <span class='ocrx_word' id='word_1_238' title='bbox 898 3144 934 3196; x_wconf 88' lang='lat' dir='ltr'><strong>ita</strong></span> <span class='ocrx_word' id='word_1_239' title='bbox 946 3156 976 3195; x_wconf 91' lang='lat' dir='ltr'><strong>ut</strong></span> <span class='ocrx_word' id='word_1_240' title='bbox 986 3162 1016 3196; x_wconf 84' lang='lat' dir='ltr'><strong>ea</strong></span> <span class='ocrx_word' id='word_1_241' title='bbox 1028 3145 1062 3196; x_wconf 87' lang='lat' dir='ltr'><strong>sit</strong></span> <span class='ocrx_word' id='word_1_242' title='bbox 1071 3164 1145 3196; x_wconf 90' lang='lat' dir='ltr'><strong>mens</strong></span> <span class='ocrx_word' id='word_1_243' title='bbox 1152 3144 1274 3198; x_wconf 79' lang='lat' dir='ltr'><strong>Valerii:</strong></span> 
     </span>
     <span class='ocr_line' id='line_1_30' title="bbox 207 3222 1277 3295; baseline 0.003 -21"><span class='ocrx_word' id='word_1_244' title='bbox 207 3223 249 3274; x_wconf 91' lang='lat' dir='ltr'><strong>bis</strong></span> <span class='ocrx_word' id='word_1_245' title='bbox 258 3243 273 3275; x_wconf 91' lang='lat' dir='ltr'><strong>a</strong></span> <span class='ocrx_word' id='word_1_246' title='bbox 282 3225 412 3275; x_wconf 88' lang='lat' dir='ltr'><strong>moenibus</strong></span> <span class='ocrx_word' id='word_1_247' title='bbox 421 3223 720 3293; x_wconf 87' lang='lat' dir='ltr'><strong>propulissent‚Hanni·</strong></span> <span class='ocrx_word' id='word_1_248' title='bbox 763 3224 922 3283; x_wconf 88' lang='lat' dir='ltr'><strong>Casilinum,</strong></span> <span class='ocrx_word' id='word_1_249' title='bbox 936 3222 1066 3295; x_wconf 89' lang='lat' dir='ltr'><strong>oppidum</strong></span> <span class='ocrx_word' id='word_1_250' title='bbox 1076 3243 1187 3295; x_wconf 84' lang='lat' dir='ltr'><strong>parvum</strong></span> <span class='ocrx_word' id='word_1_251' title='bbox 1200 3223 1277 3277; x_wconf 91' lang='lat' dir='ltr'><strong>ideo-</strong></span> 
     </span>
     <span class='ocr_line' id='line_1_31' title="bbox 209 3300 1277 3375; baseline 0.003 -21"><span class='ocrx_word' id='word_1_252' title='bbox 209 3302 317 3373; x_wconf 84' lang='lat' dir='ltr'><strong>balipse</strong></span> <span class='ocrx_word' id='word_1_253' title='bbox 324 3300 455 3374; x_wconf 91' lang='lat' dir='ltr'><strong>oppidum</strong></span> <span class='ocrx_word' id='word_1_254' title='bbox 463 3301 640 3356; x_wconf 84' lang='lat' dir='ltr'><strong>circumsedit.</strong></span> <span class='ocrx_word' id='word_1_255' title='bbox 649 3305 719 3355; x_wconf 88' lang='lat' dir='ltr'><strong>Tan·</strong></span> <span class='ocrx_word' id='word_1_256' title='bbox 763 3322 814 3375; x_wconf 90' lang='lat' dir='ltr'><strong>que</strong></span> <span class='ocrx_word' id='word_1_257' title='bbox 829 3303 993 3366; x_wconf 86' lang='lat' dir='ltr'><strong>modestum,</strong></span> <span class='ocrx_word' id='word_1_258' title='bbox 1013 3305 1113 3356; x_wconf 82' lang='lat' dir='ltr'><strong>virtute</strong></span> <span class='ocrx_word' id='word_1_259' title='bbox 1126 3317 1215 3357; x_wconf 86' lang='lat' dir='ltr'><strong>tamen</strong></span> <span class='ocrx_word' id='word_1_260' title='bbox 1229 3323 1277 3358; x_wconf 82' lang='lat' dir='ltr'><strong>sua</strong></span> 
     </span>
     <span class='ocr_line' id='line_1_32' title="bbox 211 3380 1278 3456; baseline 0.004 -23"><span class='ocrx_word' id='word_1_261' title='bbox 211 3380 273 3433; x_wconf 85' lang='lat' dir='ltr'><strong>dem</strong></span> <span class='ocrx_word' id='word_1_262' title='bbox 302 3383 366 3434; x_wconf 85' lang='lat' dir='ltr'><strong>forti</strong></span> <span class='ocrx_word' id='word_1_263' title='bbox 391 3384 584 3452; x_wconf 71' lang='lat' dir='ltr'><strong>perseuerantia</strong></span> <span class='ocrx_word' id='word_1_264' title='bbox 613 3402 658 3435; x_wconf 88' lang='lat' dir='ltr'><strong>sua</strong></span> <span class='ocrx_word' id='word_1_265' title='bbox 684 3383 721 3434; x_wconf 90' lang='lat' dir='ltr'><strong>ita</strong></span> <span class='ocrx_word' id='word_1_266' title='bbox 763 3383 1278 3456; x_wconf 81' lang='lat' dir='ltr'><strong>clarumfuit‚etCapuaesuperbaemon·</strong></span> 
     </span>
     <span class='ocr_line' id='line_1_33' title="bbox 209 3461 1182 3535; baseline 0.005 -24"><span class='ocrx_word' id='word_1_267' title='bbox 209 3461 385 3523; x_wconf 82' lang='lat' dir='ltr'><strong>Hannibalem</strong></span> <span class='ocrx_word' id='word_1_268' title='bbox 393 3463 530 3527; x_wconf 88' lang='lat' dir='ltr'><strong>vicerunt,</strong></span> <span class='ocrx_word' id='word_1_269' title='bbox 540 3476 570 3515; x_wconf 92' lang='lat' dir='ltr'><strong>ut</strong></span> <span class='ocrx_word' id='word_1_270' title='bbox 580 3482 669 3515; x_wconf 91' lang='lat' dir='ltr'><strong>secum</strong></span> <span class='ocrx_word' id='word_1_271' title='bbox 680 3463 721 3533; x_wconf 85' lang='lat' dir='ltr'><strong>agi</strong></span> <span class='ocrx_word' id='word_1_272' title='bbox 763 3464 855 3516; x_wconf 80' lang='lat' dir='ltr'><strong>stravit</strong></span> <span class='ocrx_word' id='word_1_273' title='bbox 868 3483 927 3535; x_wconf 83' lang='lat' dir='ltr'><strong>quae</strong></span> <span class='ocrx_word' id='word_1_274' title='bbox 944 3465 1029 3518; x_wconf 86' lang='lat' dir='ltr'><strong>facere</strong></span> <span class='ocrx_word' id='word_1_275' title='bbox 1041 3463 1182 3517; x_wconf 85' lang='lat' dir='ltr'><strong>debuisset.</strong></span> 
     </span>
     <span class='ocr_line' id='line_1_34' title="bbox 209 3539 1277 3615; baseline 0.004 -22"><span class='ocrx_word' id='word_1_276' title='bbox 209 3552 344 3611; x_wconf 87' lang='lat' dir='ltr'><strong>pateretur</strong></span> <span class='ocrx_word' id='word_1_277' title='bbox 356 3539 389 3592; x_wconf 91' lang='lat' dir='ltr'><strong>de</strong></span> <span class='ocrx_word' id='word_1_278' title='bbox 397 3542 543 3594; x_wconf 88' lang='lat' dir='ltr'><strong>liberorum</strong></span> <span class='ocrx_word' id='word_1_279' title='bbox 551 3544 668 3615; x_wconf 84' lang='lat' dir='ltr'><strong>capitum</strong></span> <span class='ocrx_word' id='word_1_280' title='bbox 678 3562 721 3595; x_wconf 92' lang='lat' dir='ltr'><strong>re·</strong></span> <span class='ocrx_word' id='word_1_281' title='bbox 807 3564 832 3596; x_wconf 67' lang='grc' dir='ltr'><strong>α.</strong></span> <span class='ocrx_word' id='word_1_282' title='bbox 840 3545 1017 3598; x_wconf 82' lang='lat' dir='ltr'><strong>Permanerent.</strong></span> <span class='ocrx_word' id='word_1_283' title='bbox 1028 3546 1099 3598; x_wconf 61' lang='grc' dir='ltr'><strong>ΑΜ.</strong></span> <span class='ocrx_word' id='word_1_284' title='bbox 1111 3544 1176 3615; x_wconf 80' lang='lat'><strong>537.</strong></span> <span class='ocrx_word' id='word_1_285' title='bbox 1184 3545 1277 3598; x_wconf 87' lang='lat' dir='ltr'><strong>Front.</strong></span> 
     </span>
     <span class='ocr_line' id='line_1_35' title="bbox 211 3617 1252 3694; baseline 0.006 -24"><span class='ocrx_word' id='word_1_286' title='bbox 211 3617 374 3690; x_wconf 82' lang='lat' dir='ltr'><strong>demptione.</strong></span> <span class='ocrx_word' id='word_1_287' title='bbox 386 3621 450 3674; x_wconf 90' lang='lat' dir='ltr'><strong>Vid.</strong></span> <span class='ocrx_word' id='word_1_288' title='bbox 464 3623 572 3687; x_wconf 83' lang='lat' dir='ltr'><strong>Strabo,</strong></span> <span class='ocrx_word' id='word_1_289' title='bbox 583 3625 623 3689; x_wconf 90' lang='lat' dir='ltr'><strong>V,</strong></span> <span class='ocrx_word' id='word_1_290' title='bbox 634 3624 662 3674; x_wconf 90' lang='lat' dir='ltr'><strong>in</strong></span> <span class='ocrx_word' id='word_1_291' title='bbox 673 3624 720 3674; x_wconf 88' lang='lat' dir='ltr'><strong>fin.</strong></span> <span class='ocrx_word' id='word_1_292' title='bbox 763 3625 813 3690; x_wconf 90' lang='lat' dir='ltr'><strong>IV,</strong></span> <span class='ocrx_word' id='word_1_293' title='bbox 827 3624 1005 3689; x_wconf 76' lang='lat' dir='ltr'><strong>53Plin.VIII</strong></span> <span class='ocrx_word' id='word_1_294' title='bbox 1012 3666 1020 3691; x_wconf 94' lang='lat'><strong>,</strong></span> <span class='ocrx_word' id='word_1_295' title='bbox 1033 3623 1066 3694; x_wconf 88' lang='lat'><strong>57</strong></span> <span class='ocrx_word' id='word_1_296' title='bbox 1075 3647 1083 3687; x_wconf 80' lang='lat'>3</span> <span class='ocrx_word' id='word_1_297' title='bbox 1093 3625 1202 3690; x_wconf 85' lang='lat' dir='ltr'><strong>Strabo,</strong></span> <span class='ocrx_word' id='word_1_298' title='bbox 1215 3626 1252 3676; x_wconf 90' lang='lat' dir='ltr'><strong>V.</strong></span> 
     </span>
     <span class='ocr_line' id='line_1_36' title="bbox 256 3699 1280 3775; baseline 0.007 -24"><span class='ocrx_word' id='word_1_299' title='bbox 256 3718 279 3752; x_wconf 90' lang='lat' dir='ltr'><strong>r.</strong></span> <span class='ocrx_word' id='word_1_300' title='bbox 296 3699 375 3752; x_wconf 83' lang='lat' dir='ltr'><strong>Urbis.</strong></span> <span class='ocrx_word' id='word_1_301' title='bbox 387 3703 487 3754; x_wconf 88' lang='lat' dir='ltr'><strong>Ductus</strong></span> <span class='ocrx_word' id='word_1_302' title='bbox 498 3704 616 3775; x_wconf 88' lang='lat' dir='ltr'><strong>Capuam</strong></span> <span class='ocrx_word' id='word_1_303' title='bbox 627 3704 721 3754; x_wconf 86' lang='lat' dir='ltr'><strong>Poeno·</strong></span> <span class='ocrx_word' id='word_1_304' title='bbox 806 3704 832 3756; x_wconf 84' lang='grc'><strong>3.</strong></span> <span class='ocrx_word' id='word_1_305' title='bbox 853 3705 1017 3757; x_wconf 80' lang='lat' dir='ltr'><strong>Providentia.</strong></span> <span class='ocrx_word' id='word_1_306' title='bbox 1033 3705 1201 3759; x_wconf 81' lang='lat' dir='ltr'><strong>MaIeVorst.</strong></span> <span class='ocrx_word' id='word_1_307' title='bbox 1217 3718 1280 3773; x_wconf 93' lang='lat' dir='ltr'><strong>post</strong></span> 
     </span>
    </p>

    <p class='ocr_par' dir='ltr' id='par_1_4' title="bbox 132 3780 1280 4099">
     <span class='ocr_line' id='line_1_37' title="bbox 132 3780 1279 3854; baseline 0.005 -24"><span class='ocrx_word' id='word_1_308' title='bbox 132 3815 136 3818; x_wconf 91' lang='lat'><em>-</em></span> <span class='ocrx_word' id='word_1_309' title='bbox 210 3798 272 3830; x_wconf 91' lang='lat' dir='ltr'><strong>rum</strong></span> <span class='ocrx_word' id='word_1_310' title='bbox 294 3780 422 3833; x_wconf 88' lang='lat' dir='ltr'><strong>exercitus</strong></span> <span class='ocrx_word' id='word_1_311' title='bbox 443 3783 470 3832; x_wconf 89' lang='lat' dir='ltr'><strong>in</strong></span> <span class='ocrx_word' id='word_1_312' title='bbox 492 3783 619 3848; x_wconf 90' lang='lat' dir='ltr'><strong>hiberna,</strong></span> <span class='ocrx_word' id='word_1_313' title='bbox 640 3783 677 3835; x_wconf 86' lang='lat' dir='ltr'><strong>sic</strong></span> <span class='ocrx_word' id='word_1_314' title='bbox 695 3801 722 3834; x_wconf 91' lang='lat' dir='ltr'><strong>se</strong></span> <span class='ocrx_word' id='word_1_315' title='bbox 759 3785 912 3854; x_wconf 80' lang='lat' dir='ltr'><strong>providentia</strong></span> <span class='ocrx_word' id='word_1_316' title='bbox 926 3786 1034 3836; x_wconf 89' lang='lat' dir='ltr'><strong>intrusit</strong></span> <span class='ocrx_word' id='word_1_317' title='bbox 1049 3784 1189 3837; x_wconf 89' lang='lat' dir='ltr'><strong>lectionem</strong></span> <span class='ocrx_word' id='word_1_318' title='bbox 1210 3803 1279 3854; x_wconf 90' lang='lat' dir='ltr'><strong>quo-</strong></span> 
     </span>
     <span class='ocr_line' id='line_1_38' title="bbox 213 3859 1279 3934; baseline 0.006 -25"><span class='ocrx_word' id='word_1_319' title='bbox 213 3859 336 3911; x_wconf 90' lang='lat' dir='ltr'><strong>omnibus</strong></span> <span class='ocrx_word' id='word_1_320' title='bbox 347 3860 527 3932; x_wconf 87' lang='lat' dir='ltr'><strong>voluptatibus</strong></span> <span class='ocrx_word' id='word_1_321' title='bbox 538 3863 681 3927; x_wconf 88' lang='lat' dir='ltr'><strong>immersit,</strong></span> <span class='ocrx_word' id='word_1_322' title='bbox 692 3874 723 3913; x_wconf 89' lang='lat' dir='ltr'><strong>ut</strong></span> <span class='ocrx_word' id='word_1_323' title='bbox 765 3863 888 3915; x_wconf 87' lang='lat' dir='ltr'><strong>rumdam</strong></span> <span class='ocrx_word' id='word_1_324' title='bbox 907 3865 1038 3916; x_wconf 91' lang='lat' dir='ltr'><strong>librorum</strong></span> <span class='ocrx_word' id='word_1_325' title='bbox 1059 3868 1187 3932; x_wconf 83' lang='lat' dir='ltr'><strong>effectum,</strong></span> <span class='ocrx_word' id='word_1_326' title='bbox 1204 3863 1279 3934; x_wconf 94' lang='lat' dir='ltr'><strong>quod</strong></span> 
     </span>
     <span class='ocr_line' id='line_1_39' title="bbox 213 3940 1280 4016; baseline 0.007 -27"><span class='ocrx_word' id='word_1_327' title='bbox 213 3940 722 4013; x_wconf 86' lang='lat' dir='ltr'><strong>quosnullavismaliantevicerat,post·</strong></span> <span class='ocrx_word' id='word_1_328' title='bbox 765 3944 833 3995; x_wconf 89' lang='lat' dir='ltr'><strong>bene</strong></span> <span class='ocrx_word' id='word_1_329' title='bbox 838 3943 1212 4016; x_wconf 82' lang='lat' dir='ltr'><strong>jamPighiusexpunxerat‚et</strong></span> <span class='ocrx_word' id='word_1_330' title='bbox 1219 3947 1280 4015; x_wconf 83' lang='lat' dir='ltr'><strong>jure</strong></span> 
     </span>
     <span class='ocr_line' id='line_1_40' title="bbox 215 4017 1004 4099; baseline 0.006 -29"><span class='ocrx_word' id='word_1_331' title='bbox 215 4017 324 4073; x_wconf 89' lang='lat' dir='ltr'><strong>modum</strong></span> <span class='ocrx_word' id='word_1_332' title='bbox 346 4021 437 4099; x_wconf 81' lang='lat' dir='ltr'><strong>omnin¹</strong></span> <span class='ocrx_word' id='word_1_333' title='bbox 456 4023 525 4075; x_wconf 79' lang='lat' dir='ltr'><strong>bonu</strong></span> <span class='ocrx_word' id='word_1_334' title='bbox 545 4022 720 4092; x_wconf 90' lang='lat' dir='ltr'><strong>perdiderint.</strong></span> <span class='ocrx_word' id='word_1_335' title='bbox 766 4024 843 4092; x_wconf 89' lang='lat' dir='ltr'><strong>ejecit</strong></span> <span class='ocrx_word' id='word_1_336' title='bbox 852 4025 1004 4077; x_wconf 88' lang='lat' dir='ltr'><strong>Torrenius.</strong></span> 
     </span>
    </p>
   </div>
   <div class='ocr_carea' id='block_1_4' title="bbox 0 0 1368 4808">
    <p class='ocr_par' dir='ltr' id='par_1_5' title="bbox 0 0 1368 4808">
     <span class='ocr_line' id='line_1_41' title="bbox 0 0 1368 4808; baseline 0 0"><span class='ocrx_word' id='word_1_337' title='bbox 0 0 1368 4808; x_wconf 95' lang='lat' dir='ltr'><strong> </strong></span> 
     </span>
    </p>
   </div>
  </div>
 </body>
</html>
