2678 4808
171 371 265 438 cnr.
294 371 364 456 ΠΙ,
392 371 453 437 nn
480 370 629 438 virne
657 371 774 438 ulcr.
794 370 895 436 nur
923 370 1043 457 ulcr.
1109 367 1155 438 23

145 501 177 571 8.
202 502 344 571 Veniam
366 526 455 569 nunc
478 500 520 568 ad
541 526 615 587 eos,
639 501 759 594 quibus
778 501 866 570 salus
884 503 1004 570 astutia
1024 503 1159 594 quaesitu

92 604 169 676 est¹.
180 606 388 677 M.Volusius
399 606 500 676 aedilis
512 606 616 700 plebis
622 604 634 656 ²*
643 609 864 701 proscriptus,
877 622 1047 701 assumpto
1064 609 1160 677 Isiaci

92 713 221 800 habitu,
234 738 293 807 per
304 716 420 782 itinera
432 715 566 807 viasque
578 712 727 808 publicas
740 715 858 807 stipem
870 728 997 807 petens,
1008 715 1159 806 quisnam

92 844 206 886 revera
220 835 322 906 esset,
333 833 545 889 occurrentes
558 819 752 913 dignoscere
767 844 883 913 passus
896 845 964 888 nou
977 833 1026 888 est
1036 846 1043 887 :
1055 845 1160 913 eoque

92 923 226 994 sallaciae
245 951 366 1020 genere
388 940 511 1012 tectus,
525 926 559 993 in
577 927 625 993 M.
648 927 742 995 Bruti
761 941 868 994 castra
888 926 1047 1020 pervenit
1069 925 1161 1014 Quid

92 1029 145 1098 illa
160 1034 355 1100 necessitate
369 1033 536 1117 miserius,
550 1056 623 1160 ‹puae
637 1033 867 1125 magistratum
882 1031 996 1126 populi
1015 1033 1161 1116 romani,

18 1181 24 1193 ·
74 1135 222 1229 'abjecto
244 1138 380 1205 honoris
398 1151 557 1231 praetexto
582 1137 794 1231 ‚alienigenae
813 1135 978 1230 religionis
1000 1137 1162 1206 obscura-
1255 1168 1259 1176 ¹

93 1257 163 1310 tum
185 1244 391 1336 insignibus,
413 1269 473 1336 per
491 1243 609 1311 urbem
628 1244 725 1335 jussit
746 1241 918 1312 incedere?
936 1230 1082 1312 Omnesl
1104 1258 1163 1312 aut

93 1348 126 1415 hi
149 1374 216 1417 suae
236 1351 329 1436 vita,
353 1364 411 1418 aut
431 1347 477 1416 illi
505 1347 618 1417 alienae
641 1351 755 1418 mortis
779 1348 911 1442 cupidi,
927 1352 990 1442 ,qui
1011 1347 1088 1417 talia
1109 1349 1162 1417 vel

95 1455 155 1548 ipsi
175 1456 421 1541 sustinuerunt,
442 1453 494 1522 vel
514 1454 594 1524 alios
617 1456 746 1549 perpeti
765 1469 955 1548 coegerunt.

41 1609 43 1613 -
147 1585 182 1655 9.
202 1560 380 1654 Aliquanto
401 1545 599 1654 speciosius⁵
617 1562 719 1629 Sentii
735 1562 905 1629 Saturnini
924 1560 1111 1630 Vetulionis
1128 1563 1162 1629 in

95 1666 211 1734 eodem
233 1692 353 1760 genere
371 1692 484 1753 casus,
502 1664 625 1735 ultimae
646 1668 741 1734 sortis
759 1665 933 1734 auxilium:
949 1669 1006 1759 qui
1021 1691 1125 1760 quum
1143 1692 1163 1735 a

96 1773 276 1840 triumviris
296 1772 384 1841 inter
406 1774 610 1867 proscriptos
625 1797 747 1841 nomen
763 1797 860 1841 suum
874 1773 1083 1866 propositum
1105 1797 1162 1841 au·

47 1906 50 1913 ·
96 1878 210 1964 disset,
228 1880 389 1947 continuo
410 1893 561 1972 praeturae
578 1880 717 1975 insignia
730 1880 864 1964 invasit,
885 1877 1162 1972 praecedentibus·

96 2010 158 2077 que
169 1986 204 2052 in
218 1984 354 2053 modurn
370 1983 523 2053 lictorum
536 2000 568 2054 et
582 1987 809 2080 apparitorum
818 1982 1029 2078 publicorum
1042 1972 1162 2054 servis⁶

138 2216 163 2249 1.
182 2197 292 2266 Quasita
304 2209 347 2249 est.
358 2198 409 2247 An.
420 2196 455 2248 U.
470 2213 537 2266 71⁰·
551 2198 605 2265 Ap·
649 2195 713 2265 legit
727 2195 752 2247 0
761 2197 846 2256 nimis,
861 2193 934 2266 quod
949 2195 1044 2266 accipit
1055 2194 1163 2247 Perizo-

36 2312 40 2322 ι
96 2275 245 2346 pian.Bell.
261 2276 312 2330 civ.
327 2277 377 2329 lv,
641 2275 710 2337 mins
731 2286 758 2327 et
776 2293 833 2327 non
851 2275 985 2346 improbat
1001 2274 1163 2339 Torrentur,

138 2375 164 2408 a.
185 2355 281 2408 AEdr'lis
293 2357 378 2426 plebis.
395 2355 478 2406 Erant
490 2353 607 2407 curukse
650 2354 711 2425 quia
720 2353 816 2424 frigere
825 2354 952 2406 sententia
962 2353 1067 2405 videtur
1078 2355 1098 2407 si
1107 2355 1166 2406 vul·

98 2435 227 2506 patriciis,
240 2437 287 2506 qui
298 2437 360 2488 sella
371 2433 457 2488 curuli
467 2473 475 2498 ,
486 2445 513 2485 et
520 2433 609 2503 plebeii
650 2445 710 2503 gata
724 2434 804 2486 lectio
818 2447 945 2487 servetur.
960 2432 1011 2487 Sed
1027 2435 1123 2505 optimi
1137 2447 1164 2487 et

98 2513 191 2576 adius,
200 2516 334 2586 praecipue
346 2513 548 2578 cerealer,veluti
557 2513 607 2564 mi·
650 2511 826 2583 antiquissimi
835 2511 913 2565 codd.
924 2513 1023 2565 habent
1032 2533 1165 2566 omues.-

97 2594 173 2646 nistri
197 2592 384 2657 tribunorum,
406 2593 452 2663 qui
479 2592 608 2645 subselliis
651 2591 713 2644 Aut.
721 2592 795 2644 MSS.
803 2591 1053 2646 habentautemSed
1061 2611 1165 2646 necesse

98 2686 199 2726 tantum
209 2676 360 2727 utebantur.
372 2673 428 2724 Sub
439 2672 608 2724 tribunorum
651 2673 761 2725 omnino
782 2685 839 2737 est,
857 2671 1047 2744 disjunctivum
1066 2686 1110 2724 aut
1124 2673 1165 2725 bis

98 2755 177 2806 tutela
191 2755 281 2806 noceri
289 2753 342 2805 illis
352 2771 413 2805 raro
424 2763 536 2822 poterat.
543 2749 607 2804 vid.
651 2753 730 2822 poni,
740 2750 876 2824 quamdo
885 2772 948 2804 mox
953 2766 980 2805 et
990 2753 1102 2805 alterum
1112 2751 1166 2805 dis·

97 2833 208 2904 Dionys.
220 2835 276 2898 VI;
292 2832 350 2885 Liv.
360 2833 431 2894 vlt,
443 2849 465 2884 1.
476 2832 608 2882 —Ist'aci.
650 2832 800 2901 junctivum
816 2833 859 2883 uel
870 2833 988 2903 positum
997 2847 1044 2884 est.
1054 2864 1095 2876 -
1105 2831 1165 2884 Coe·

97 2912 195 2965 Isiacus
210 2911 332 2965 sacerdos
346 2924 385 2964 est
399 2909 478 2963 Isidis
488 2911 610 2982 aegyptia·
650 2923 745 2979 gerunt.
763 2912 877 2962 Damnat
890 2911 1000 2962 ulterius
1012 2923 1038 2963 et
1048 2911 1109 2976 bos,
1119 2912 1166 2980 qui

99 3010 151 3058 cae,
164 2993 272 3045 fortasse
285 2990 417 3062 ejusdem,
428 3009 508 3061 quam
523 2990 610 3042 Greci
652 2990 713 3041 vitu
727 2990 841 3041 nimium
859 2988 953 3060 cupidi
974 3009 1079 3043 omnem
1094 2989 1165 3042 indi-

99 3073 230 3142 Δημήτερα
243 3085 270 3124 et
279 3072 340 3124 Itali
356 3072 480 3124 Cererem
492 3069 611 3121 nomina·
653 3070 779 3139 gnitatem
800 3081 827 3121 et
843 3067 1038 3140 turpitudinem
1052 3068 1167 3123 vitando

99 3166 177 3215 runt,
197 3163 228 3204 nt
244 3153 295 3204 alio
314 3152 374 3203 loco
394 3163 433 3202 est
453 3149 609 3219 expositum.
653 3149 746 3202 mortis
753 3149 991 3220 gratiasubirenon
1000 3147 1166 3216 dubitarunt,

39 3293 51 3310 α
99 3229 135 3282 Hi
154 3229 303 3283 sacerdotes
321 3249 371 3302 per
387 3230 481 3282 urbem
497 3242 523 3281 et
538 3229 611 3281 vicos
654 3241 680 3281 et
693 3229 911 3300 eos‚quialienae
921 3228 1015 3281 mortis
1026 3227 1167 3296 avidi‚bo-

99 3329 160 3363 cum
174 3313 250 3363 sistro
265 3311 355 3380 vagari
372 3308 550 3362 mendicantes
569 3327 611 3361 so-
655 3309 738 3362 mines
754 3308 787 3361 sd
809 3328 867 3362 eam
884 3309 1064 3361 necessitatem
1078 3309 1168 3380 impu-

99 3390 204 3455 lebant,
227 3391 451 3461 pollicentesque‚
474 3407 502 3441 se
523 3389 612 3441 futura
654 3389 724 3454 lere,
738 3401 768 3442 ut
783 3389 839 3442 hac
854 3389 983 3441 sustinere
1000 3396 1167 3461 cogerentur.

100 3468 288 3540 praedicaturos
303 3471 326 3521 si
340 3467 449 3520 daretur
462 3469 542 3533 assis,
557 3469 612 3520 fere
655 3469 714 3533 Qua
730 3487 763 3520 ex
779 3481 854 3540 parte
871 3468 957 3539 carpit
971 3469 1169 3521 triumuiratum

101 3561 131 3601 ut
139 3549 280 3602 recentiori
289 3567 345 3601 acro
355 3548 476 3617 Cingam,
488 3566 554 3619 quos
563 3549 614 3600 llo·
657 3548 775 3611 Octavii‚
787 3545 860 3618 quod
875 3566 975 3601 rarum.

100 3629 192 3682 bemos
203 3629 282 3699 vulgo
295 3640 400 3682 vocant.
698 3625 725 3680 5.
745 3626 889 3696 Spartarius.
909 3628 959 3680 An.
979 3628 1020 3680 U.·
1031 3646 1097 3697 7¹⁰·
1113 3629 1168 3700 Ap.

143 3708 169 3762 3.
186 3709 318 3760 Proetecto.
328 3709 477 3759 Proeterrtum
489 3724 540 3775 pro
546 3726 613 3775 proe·
656 3707 765 3776 planus,
774 3709 804 3758 B.
814 3707 845 3759 C.
855 3707 905 3763 lv,
913 3705 948 3759 de
958 3707 1117 3778 Pomponio.
1128 3740 1169 3751 --

103 3799 180 3839 textus
190 3789 308 3840 occurrit
319 3789 399 3840 etiam
419 3787 447 3838 in
462 3785 554 3837 Senec.
570 3804 612 3856 ep.
658 3785 801 3838 Vetuliom's.
812 3786 874 3849 Quo
886 3787 994 3838 nomine
1009 3784 1171 3839 discernitur

102 3868 205 3932 Lxxt;
220 3867 291 3922 Flor.
307 3870 330 3933 1,
349 3867 378 3931 5;
395 3878 422 3918 et
433 3865 529 3936 saepius
541 3863 613 3935 apud
657 3865 814 3917 aSaturm’no
828 3865 934 3935 Apuleio
946 3863 1086 3937 perduelli.

23 3972 26 3979 ·
102 3946 239 4001 Nostrum.
699 3948 726 3998 6.
738 3944 828 3998 Serva.
842 3947 923 3999 Recte
935 3946 972 3998 sic
982 3943 1068 3996 edidit
1076 3946 1170 3999 Vorst.

144 4032 169 4088 4.
194 4027 290 4079 Omnes.
307 4026 430 4080 Schottus
441 4045 473 4079 ex
487 4037 539 4079 vet.
551 4022 612 4076 cod.
657 4042 719 4077 nam
730 4023 836 4078 Sentius
847 4024 1004 4077 Saturninus
1014 4043 1172 4112 servossum

973 4118 1013 4196 24
