2678 4808
144 330 254 398 car.
283 297 380 415 vn,
409 332 477 398 oa
505 331 718 398 rassin.
748 334 1011 402 rescissis.
1083 340 1133 430 49

69 460 236 555 republica
254 461 501 555 absumpserat,
515 464 675 531 maximos
696 462 825 532 labores
840 479 874 532 et
890 463 1032 558 pluriora
1049 471 1134 561 peri-

18 574 24 587 '
67 566 140 637 cula
159 567 373 655 toleraverat,
389 567 528 637 adverso
546 593 687 662 corpore
706 584 860 663 exceptas
878 571 1073 643 ostendebat
1090 577 1135 643 ci·

66 675 223 762 catrices,
243 688 277 744 et
297 673 510 768 postulabat,
534 697 577 742 ae
598 680 709 744 avitos
729 676 802 767 ejus
823 677 915 745 lares
935 684 1048 747 otiosa
1070 687 1139 775 ipsi

10 768 19 792 ⁸
66 779 143 848 urbi
157 803 265 848 onera
272 779 501 876 possiderent.
518 782 635 873 Itaque
650 780 806 875 depositis
821 785 922 852 armis
937 798 1072 854 coactus
1086 802 1137 856 est

67 887 99 952 in
120 885 196 954 foro
217 884 383 980 togatam1
403 886 531 980 ingredi
555 884 713 954 militiam.
741 888 879 955 Acerbe.
900 891 987 959 Cum
1012 892 1136 986 impro-
1209 916 1214 926 ·

66 993 207 1061 bissimis
229 994 317 1060 enim
337 990 514 1060 heredibus
533 990 575 1059 de
592 993 737 1085 paternis
758 992 854 1061 bonis
872 994 962 1087 apud
985 1011 1134 1066 centum·

66 1096 178 1167 viros²
198 1096 392 1194 contendit3
416 1097 635 1190 omnibusque
661 1123 730 1167 non
756 1096 863 1167 solum
885 1087 1062 1190 consiliis³,
1079 1103 1138 1172 sed
1185 1106 1187 1111 ’

67 1206 164 1273 etiarn
185 1204 374 1290 sententiis,
392 1205 542 1297 superior
563 1203 719 1272 discessit.

120 1337 153 1379 2.
177 1311 263 1378 Item
281 1313 329 1379 M.
347 1297 493 1378 Anneiil
513 1308 722 1396 Carseolani,
744 1308 998 1404 splendidissimi
1018 1316 1137 1407 equitis

67 1419 214 1504 romani,
228 1414 332 1501 filius,
347 1439 367 1483 a
386 1414 541 1484 Sufenate
562 1413 728 1484 avunculo
747 1441 808 1484 suo
830 1417 1021 1511 adoptatus,
1037 1434 1136 1489 testa·

67 1537 218 1592 mentum
239 1520 397 1590 naturalis
414 1523 535 1614 patris,
552 1545 618 1615 quo
638 1523 834 1615 praeteritus·
845 1537 936 1610 erat,
951 1525 1041 1618 apud
1060 1551 1137 1595 cen-

67 1630 229 1697 tumviros
248 1626 397 1713 rescidit,
417 1652 521 1720 quum
538 1628 572 1693 in
591 1652 630 1695 eo
650 1627 820 1697 Tullianus
832 1681 842 1714 ‚
856 1633 1004 1723 Pompeii
1021 1633 1137 1728 Magni

68 1733 256 1822 familiaris,
274 1735 345 1829 ipso
360 1733 492 1825 quidem
507 1734 665 1827 Pompeio
684 1735 867 1828 signatore,
882 1735 978 1805 heres
996 1740 1137 1833 scriptus

68 1855 169 1929 esset;
188 1840 300 1934 itaque
321 1837 396 1934 plus
416 1838 463 1906 illi
486 1838 664 1932 injudicio
688 1865 765 1909 cum
789 1839 1051 1912 excellentissimi
1074 1848 1136 1914 viri
1219 1836 1226 1848 ⁸

67 1947 189 2040 gratia,
198 1970 299 2040 quam
315 1970 391 2013 curn
405 1945 550 2039 parentis
568 1945 731 2014 cineribus
746 1948 869 2041 negotii
884 1947 964 2015 fuit:
979 1964 1136 2019 caeterum

68 2053 217 2146 quamvis
242 2065 382 2145 utraque
407 2051 478 2120 haec
506 2050 663 2121 adversus
693 2077 768 2120 eum
791 2053 1002 2142 nitebantur,
1025 2070 1137 2125 tamen

69 2173 206 2254 paterna
222 2157 311 2226 bona
329 2157 490 2245 obtinuit3
509 2181 586 2225 narn
601 2160 638 2226 L.
656 2157 787 2252 quidem
804 2157 957 2228 Sextilius
972 2174 1006 2228 et
1018 2163 1053 2230 P.
1068 2164 1136 2232 Po-

108 2371 134 2405 1.
160 2351 289 2423 Togatam.
307 2349 531 2421 Disceptationem
552 2358 580 2402 et
624 2349 1136 2421 riliajudr'er'adaplr'ciavooat,undeGes·

70 2431 287 2496 controversiam,
299 2442 330 2482 ut
342 2430 371 2482 in
386 2430 445 2481 foro
456 2427 528 2499 apud
537 2431 579 2500 ju·
622 2447 702 2480 uerus
725 2429 816 2481 statuit
837 2427 968 2500 judicium
988 2433 1135 2484 centumvi-

70 2509 136 2566 dicss
149 2511 184 2564 de
197 2511 314 2582 paternis
327 2510 404 2562 bonis
417 2507 526 2561 diceret.
621 2509 676 2559 rale
697 2527 889 2579 nonnunquam
911 2513 936 2560 in
955 2510 1016 2562 duas
1036 2524 1134 2580 partem

107 2611 132 2644 a.
150 2591 321 2644 Centumairos.
339 2589 403 2641 Erat
415 2589 579 2639 centumvirale

66 2672 194 2740 judaium,
218 2670 262 2722 cui
283 2670 354 2722 inter
373 2667 423 2721 alia
446 2667 579 2738 praecipue

70 2749 252 2804 controversiae
263 2748 297 2800 de
305 2747 496 2801 hereditatibus
506 2745 579 2798 dele-

69 2832 202 2883 rebantur.
214 2831 254 2881 Ex
261 2829 366 2880 XXXV
374 2827 506 2890 tribubus,
514 2839 580 2896 quot

69 2929 162 2982 nempe
169 2922 245 2962 erant
254 2910 281 2960 in
288 2909 364 2971 urbe,
370 2907 440 2958 terni
447 2905 578 2974 eligeban-

68 3003 110 3042 tur
117 3009 153 3042 ex
163 3007 321 3060 unaquaque
329 2984 445 3058 judices,
455 2997 480 3037 et
491 3003 580 3054 quam-

68 3070 105 3122 vis
118 3069 210 3140 plures
222 3079 320 3129 esseut,
334 3078 425 3117 centum
438 3077 526 3116 tamen
539 3069 578 3116 ai·

68 3169 146 3201 rorum
158 3167 257 3201 nomen
271 3147 448 3203 retinuerunt.
465 3144 580 3197 Praeerat

66 3242 165 3300 praetor
178 3229 312 3290 urbanus,
327 3225 372 3296 qui
389 3225 489 3277 hastam
505 3237 578 3276 tene·

65 3309 120 3375 bat,
126 3308 291 3379 praecipuum
296 3304 459 3377 judiciorum
465 3304 578 3373 signum,

66 3399 97 3440 ut
110 3387 147 3440 ait
160 3387 252 3440 Festus
265 3385 414 3455 Pompeius.
425 3380 506 3435 Unde
516 3403 578 3436 cen-

65 3459 214 3523 ttitnviralis
221 3466 293 3518 hasta
301 3465 397 3535 legitur
405 3463 432 3514 in
441 3463 577 3516 Suetonio.

65 3545 132 3599 vid.
144 3546 213 3599 Plin.
230 3545 277 3597 lib.
289 3546 318 3608 1,
332 3563 374 3615 ep.
391 3543 423 3604 5,
441 3537 455 3602 S
472 3548 498 3605 4.

108 3626 135 3678 3,
160 3625 277 3678 Omnibus
299 3643 345 3674 non
368 3623 443 3674 solum
463 3622 577 3673 consiliis.

65 3705 178 3759 Consilia
184 3705 308 3758 Valerius
315 3703 500 3771 nominatquae
509 3700 577 3754 Plin.

64 3797 94 3839 et
104 3784 219 3850 Quintil.
230 3785 448 3853 judiciavocant,
464 3799 578 3851 quorum

63 3851 204 3938 quatriorin
211 3882 265 3915 uno
272 3864 331 3915 loco
338 3873 494 3931 congregata
501 3861 580 3912 fuisse

62 3955 185 4015 apparet.
203 3943 315 4009 Quintil.
328 3939 416 3994 tamen
434 3958 463 3992 ea
477 3945 502 3990 r'n
520 3940 579 3990 duas

64 4025 149 4077 hastas
163 4021 248 4077 divisa
263 4041 318 4077 esse
334 4022 384 4085 ait,
403 4033 429 4072 et
448 4023 578 4072 centumvi-

120 4110 170 4174 II.

622 2606 734 2657 quarum
741 2590 1135 2659 unaquaequeltastamsibisuam

622 2666 732 2719 baberet
747 2667 909 2720 auctoritatis
929 2669 1049 2738 signum,
1065 2669 1134 2721 divi·

622 2764 679 2798 sum
691 2765 754 2799 esse.
769 2748 865 2800 Sensus
878 2749 1067 2801 autemValerii
1082 2762 1134 2813 est,

622 2827 733 2879 militem
744 2845 800 2877 non
807 2826 888 2878 modo
896 2846 927 2878 ex
936 2830 1063 2880 sententia
1073 2849 1133 2900 qua·

623 2917 677 2957 tuor
685 2906 843 2974 judiciorum,
861 2904 1000 2959 sedetiam
1016 2908 1133 2977 singulo·

621 3004 681 3037 rum
693 2982 813 3055 judicum
831 2984 997 3036 unanimium
1014 2987 1133 3057 superio·

622 3084 678 3116 rem
692 3063 846 3116 discessisse.

662 3151 688 3208 4.
709 3144 808 3196 Anneii.
829 3144 928 3196 Forsan
947 3143 1050 3195 Annius
1065 3145 1132 3211 fuit,

622 3222 655 3276 de
671 3242 724 3294 quo
734 3223 789 3276 Cic.
806 3222 840 3276 ad
855 3225 909 3275 Att.
921 3221 957 3288 V,
975 3230 1001 3287 4.
1011 3255 1051 3264 --
1063 3225 1133 3275 Proe·

623 3307 712 3356 teritus.
727 3303 805 3355 Pater
820 3322 880 3355 eum
896 3315 1053 3355 testamento
1067 3323 1134 3374 srae-

621 3383 740 3446 temerat,
760 3383 821 3454 quia
848 3384 876 3435 in
902 3382 980 3434 aliam
1004 3383 1132 3436 familiam

621 3463 767 3514 transierat.
791 3494 831 3505 -
853 3462 966 3514 Rescidit.
989 3463 1132 3528 Quomodo

621 3542 659 3593 M.
670 3541 765 3593 Anneii
775 3541 844 3593 filius
856 3554 1041 3594 testamentum
1050 3545 1132 3614 patris

622 3618 771 3673 rescindere
777 3621 1015 3692 potuerit,optime
1022 3624 1134 3692 explicat

622 3700 808 3770 Schultingius.
826 3733 866 3742 -
883 3700 1020 3768 Signatore.
1040 3702 1133 3755 Testa·

622 3793 710 3833 menta
724 3792 823 3849 septem
837 3781 947 3833 testibus
960 3782 1133 3852 praesentibus

623 3858 813 3925 condebantur,
824 3873 850 3912 et
861 3878 953 3912 eorum
965 3863 1074 3931 quisque
1087 3880 1133 3913 an·

622 3939 687 3991 nulo
703 3958 779 4007 suurn
793 3939 897 4010 signum
913 3952 1070 3992 testamento
1088 3941 1136 3992 im·

623 4019 762 4089 primebat.
