2678 4808
136 197 180 267 16
260 252 288 259 ..
316 183 539 266 VALERII
567 195 774 266 ΜΑΧΙΜΙ
802 197 898 265 LIB.
927 197 1018 267 vll.

131 353 234 423 quum
251 327 411 396 adversus
429 321 669 419 rempublicam
686 325 1014 397 Lacedaemoniorum
1030 324 1203 425 conspira-¹

132 437 256 504 tionem
275 447 383 502 ortam
401 444 503 500 noctu
523 433 754 525 comperisset,
774 431 863 527 leges
879 435 1024 528 Lycurgi
1042 435 1204 508 confirmo

133 540 327 635 abrogavit,
338 562 411 632 quae
428 536 471 606 de
490 536 688 606 indemnatis
707 536 905 632 supplicium
924 543 1009 608 sumi
1027 541 1201 630 vetabant3

135 645 383 741 comprehensis
411 658 522 712 autem
554 656 588 711 et
614 642 795 714 interfectis
825 646 997 732 sontibus,
1023 647 1156 716 easdem
1183 672 1201 716 e

64 807 68 812 .
135 753 275 847 vestigio
290 751 449 838 restituit;
467 763 566 843 atque
586 762 766 844 utrumque
787 750 884 820 simul
902 752 1063 847 providit,
1084 777 1139 822 ne‘
1151 777 1201 823 sa·

136 857 252 928 lutaris
267 854 510 926 animadversio
527 853 581 923 vel
601 854 722 949 injusta
740 870 842 944 esset,
860 857 913 927 vel
932 858 1007 950 jure
1027 855 1201 954 impedire·

138 979 209 1036 tur:
222 967 332 1058 itaque
345 976 383 1031 ut
393 985 523 1056 semper
539 985 610 1030 esse
622 976 774 1056 possent,
789 962 965 1056 aliquando
975 990 1044 1034 non
1056 964 1201 1035 fuerunt.

198 1068 254 1141 16.
274 1069 339 1139 Sed
354 1069 481 1153 nescio,
501 1091 545 1135 au
562 1069 735 1137 Hannonis
749 1067 1044 1139 excellentissimae¹
1063 1071 1204 1166 prudeu-

139 1177 193 1246 tiae
223 1173 395 1246 consilium
416 1201 423 1243 :
447 1177 593 1268 Magone
623 1175 713 1243 enim
737 1176 910 1245 cannensis
933 1200 1053 1271 pugnae
1078 1179 1203 1246 exitum

140 1282 272 1352 senatui>
285 1284 465 1350 Poenorum
483 1280 674 1369 nuntiante,
690 1281 791 1375 inque
812 1283 896 1350 tanti
916 1290 1086 1352 successus
1103 1282 1210 1353 fidem*

141 1388 282 1458 annulos
301 1409 419 1457 aureos
432 1387 533 1455 trium
548 1385 736 1456 modiorum
748 1413 938 1457 mensuram
953 1387 1121 1484 explentes
1134 1389 1205 1458 fun·

141 1494 260 1583 dente,
278 1497 336 1588 qui
348 1491 535 1562 interfectis
552 1495 673 1562 nostris
691 1494 818 1563 civibus
835 1494 974 1564 detracti
990 1499 1205 1590 erant,'quae·

142 1602 237 1689 sivit,
261 1623 309 1669 un
331 1601 457 1694 alr'qulr
479 1604 647 1668 sectorum
661 1615 749 1695 post
771 1616 906 1669 tantane
927 1602 1060 1670 cladem
1087 1625 1112 1669 a
1136 1605 1205 1672 Ro·

142 1712 254 1776 manlr
270 1707 475 1796 desecuisset:
495 1719 593 1799 atque
613 1720 652 1774 ut
673 1705 814 1793 audivit,
835 1709 1002 1776 neminem
1025 1707 1067 1776 ad
1085 1710 1207 1777 Hanni·

107 1874 109 1878 ,
141 1811 250 1881 halem
274 1813 447 1900 transisse,
460 1812 571 1880 suasit
592 1813 760 1905 protinus,
775 1828 814 1881 ut
834 1814 942 1908 legati
959 1818 1123 1902 Romam,
1137 1840 1207 1910 per

140 1944 229 2013 quos
245 1919 291 1988 de
304 1943 401 2016 pace
426 1932 602 2012 ageremr,
630 1924 848 1988 mitterentur.
870 1921 975 2014 Cujus
996 1923 1023 1989 si
1045 1922 1206 1990 sententia

141 2024 315 2112 valuisset,
339 2049 448 2119 neque
471 2024 616 2093 secundo
640 2027 767 2119 punico
791 2024 878 2095 bello
892 2028 994 2095 ‘victa
1017 2027 1207 2122 Carthago,

140 2156 250 2226 neque
272 2132 370 2200 tertio
387 2128 495 2199 deleta
514 2130 608 2218 foret.
1218 2126 1223 2135 ’

200 2263 255 2333 17.
277 2240 330 2306 Ne
348 2238 513 2306 Samnites
531 2236 664 2330 quidem
685 2261 804 2333 parvas
825 2263 940 2332 poenas
958 2238 1138 2308 consimilis
1156 2265 1207 2309 er·

141 2345 224 2413 roris
246 2343 495 2438 pependerunt,
516 2343 605 2436 quod
623 2344 783 2412 Herennii
800 2346 909 2414 Pontii
931 2343 1073 2414 salutare
1094 2348 1207 2415 consi-

140 2450 222 2519 lium
241 2447 483 2544 neglexerunt²
504 2475 511 2516 :
531 2451 587 2543 qui
609 2451 804 2519 auctoritate
828 2459 862 2519 et
882 2451 1058 2544 prudentia
1072 2466 1208 2521 caeteros

140 2557 319 2651 praestans,
348 2556 391 2624 ab
414 2557 560 2623 exercitu
583 2569 617 2623 et
641 2556 711 2648 ejus
736 2554 822 2625 duce
842 2555 910 2626 filio
933 2582 993 2626 suo
1018 2557 1209 2646 consultus,

139 2663 306 2757 quidnam
313 2661 407 2752 fieri
417 2662 461 2731 de
482 2660 670 2756 legionibus
687 2669 840 2731 romanus
862 2663 961 2758 apud
976 2667 1111 2733 Furcas
1125 2667 1211 2736 Cau

140 2769 244 2838 denas
262 2771 402 2839 enclurlr
420 2768 577 2855 deberet,
597 2770 782 2837 inuiolatus
795 2769 1015 2838 dtmz‘nendes
1029 2770 1209 2863 respondit.

140 2878 278 2945 Postero
300 2876 353 2944 die
378 2875 493 2944 eadem
514 2874 555 2943 de
576 2876 871 2968 reinterrogatus,
895 2875 1003 2944 deleri
1020 2899 1083 2944 eas
1103 2901 1210 2972 opor-

141 2998 212 3051 tere
224 2983 307 3050 dixit
326 3007 333 3048 :
355 2995 394 3049 ut
414 2995 473 3049 aut
493 2981 639 3049 maximo
657 2980 820 3049 beneficio
836 2983 941 3075 gratia
954 2981 1102 3051 hostium
1120 3008 1210 3052 eme·

140 3104 247 3175 retur,
265 3102 324 3155 aut
348 3088 544 3180 gravissima
563 3088 693 3179 jactura
711 3088 798 3154 vires
817 3086 1117 3181 confringerentur.
1145 3087 1211 3158 Sed

140 3297 376 3369 rentur‚tantisper
383 3295 567 3363 sublata,dum
574 3295 655 3349 iidem
698 3296 756 3350 silai
774 3298 924 3369 exemplum
942 3299 1110 3370 spectaverit,
1128 3319 1214 3371 quum

65 3422 69 3429 .
141 3379 348 3432 absolverentur.
698 3375 765 3429 illud
776 3378 916 3430 consilium
925 3380 1033 3431 excellat
1041 3380 1111 3432 inter
1121 3381 1215 3433 omnia

185 3477 209 3511 1.
231 3457 454 3510 Excellentusimee.
475 3456 550 3527 Pigh.
565 3475 579 3509 e
595 3454 653 3508 cod.
696 3460 750 3528 jam
768 3472 922 3511 memorata.
942 3492 981 3500 —
1003 3458 1143 3513 Consilium.
1158 3460 1213 3513 An.

142 3540 235 3610 Camp.
254 3537 360 3607 scripsit
378 3537 561 3597 excellentioris,
582 3535 656 3607 quod
699 3539 733 3590 U.
744 3537 759 3590 5
764 3537 810 3608 37.
821 3539 879 3591 Liv.
891 3539 995 3590 xxm.
1007 3540 1129 3591 Zonaras.
1141 3539 1216 3593 Han·

141 3617 366 3688 comparationem
375 3615 656 3669 facerevideaturfacti
698 3636 734 3668 no
748 3617 857 3670 factioni
869 3618 987 3670 Barcinae
1003 3621 1114 3689 ejusque
1125 3621 1216 3672 consi-

141 3691 281 3749 Hannonis
295 3716 355 3749 cum
367 3696 436 3749 facto
451 3697 572 3767 Agesilai.
587 3695 653 3761 Sed,
697 3698 740 3750 liis
753 3717 857 3768 semper
869 3697 920 3750 fuit
934 3696 1106 3750 adversarius.

138 3775 228 3848 judice
243 3776 391 3840 Torrenio‚
405 3795 460 3828 non
474 3796 540 3848 opus
557 3790 611 3840 est,
626 3789 656 3828 ut
742 3797 767 3829 a.
784 3777 957 3846 Negleeerunt.
966 3779 1017 3830 An.
1025 3780 1060 3831 U.
1074 3778 1140 3841 432.
1153 3779 1215 3832 Liv.

140 3855 656 3927 solum,quodproximepraecedit,Age·
699 3858 756 3919 IX,
775 3857 807 3921 33
824 3857 896 3912 Flcr.
911 3859 939 3922 Ι,
959 3862 1002 3909 16.
