2678 4808
178 391 271 459 CAP.
299 391 368 476 III,
395 390 457 457 DE
485 389 634 457 VAFRE
661 391 771 457 DICT
807 389 899 459 AUT
924 390 1059 459 Flet:
1108 416 1153 488 19

89 522 279 592 referendus
300 536 372 605 esty
392 545 468 588 nam
495 544 597 615 quum
619 544 639 587 a
663 544 741 614 rege
761 523 964 614 Tarquinio,
987 523 1153 594 avunculo

89 654 168 715 suo,
182 653 316 697 omnem
329 625 507 695 nobilitatis
521 624 663 694 indolem
677 625 685 648 ¹
698 629 843 720 excerpi,
855 629 1005 722 interque
1019 643 1154 701 caeteros

88 737 186 803 etiam
208 733 345 802 fratrem
364 758 481 818 suum,
502 731 592 826 quod
614 734 789 826 uegetioris
809 734 931 827 ingenii
949 750 1035 815 erat,
1054 739 1154 804 inter-

89 841 211 909 fectum
231 838 526 923 animadverteret,
551 839 660 907 obtusi
684 864 717 907 se
742 838 852 907 cordis
876 863 946 908 esse
970 840 1155 931 simulavit,

89 971 190 1039 eaque
206 945 333 1014 fallacia
348 946 505 1013 maximas
517 945 655 1015 virtutes
671 968 746 1013 suas
758 947 839 1013 texit
852 970 859 1012 :
873 944 1042 1039 prblectus
1056 949 1156 1016 etiam

89 1049 260 1146 Delphos'
279 1076 356 1118 cum
375 1051 544 1143 Tarquinii
565 1048 659 1135 filiis,
677 1075 760 1143 quos
782 1052 808 1118 is
831 1051 872 1118 ad
890 1051 1077 1146 Apollinem
1093 1056 1155 1148 Py·

88 1159 193 1226 thium
216 1156 407 1225 muneribus
426 1154 656 1248 sacrificiisque
678 1156 908 1224 honorandum
930 1159 1076 1246 miserat,
1097 1184 1155 1229 au·

88 1289 161 1332 rum
181 1263 244 1332 deo
260 1264 393 1330 nomine
413 1260 491 1330 doni
507 1259 591 1329 clam
607 1275 724 1329 cavato
743 1261 862 1330 baculo
881 1262 1042 1332 inclusum
1061 1264 1155 1350 tulit3

89 1372 163 1464 quia
186 1369 345 1452 timebat,
365 1393 407 1435 ne
427 1367 488 1436 sibi
513 1364 640 1435 caeleste
663 1392 785 1435 numen
807 1354 944 1462 aperta³
962 1368 1156 1442 liberalitate

89 1477 239 1544 venerari
256 1488 365 1543 tutum
380 1499 448 1541 non
460 1487 554 1541 esset.
574 1475 719 1542 Peractis
737 1473 855 1542 deinde
868 1474 1030 1543 mandatis
1042 1480 1157 1600 patris,

89 1580 307 1676 Apollinem'
296 1603 435 1673 juvenes
456 1576 711 1665 consuluerunt,
732 1585 889 1673 quisnam
915 1604 962 1649 ex
982 1587 1066 1677 ipsit
1087 1587 1155 1653 Bo-

90 1711 152 1756 moe
168 1701 374 1780 regnaturus
386 1685 584 1754 vederetur?
595 1674 666 1752 At
657 1710 700 1772 rs,
707 1710 819 1781 penes
835 1711 910 1759 eum
923 1712 1089 1757 summam
1105 1715 1157 1758 urs

90 1793 138 1862 bis
170 1809 300 1861 nostrae
324 1807 536 1887 potestatem
549 1790 736 1882 flaturam,
767 1792 952 1886 respondit,
981 1799 1042 1887 qui
1072 1812 1156 1866 onte

89 1924 204 1968 omnes
222 1903 327 1967 matri
337 1899 487 1966 osculum
509 1897 664 1965 dedr’sset.
681 1900 775 1967 Tunc
792 1902 932 1981 Brutus,
952 1901 1089 1994 perinde
1110 1918 1155 1971 at·

90 2030 151 2099 que
171 2029 251 2073 casu
269 2003 463 2123 prolapsus,
487 2004 528 2072 de
552 2003 712 2072 industria
734 2029 768 2072 se
789 2005 925 2097 abjecit,
945 2019 1153 2101 terramque,

90 2136 299 2182 communem
325 2112 473 2179 omnium
497 2123 637 2177 matrem
665 2110 872 2197 existimans,
898 2110 1064 2182 osculatus
1092 2127 1152 2183 est.

91 2217 190 2306 Quod
207 2231 276 2285 tarn
296 2217 388 2285 vafre
411 2214 548 2284 telluri
539 2239 736 2352 impressum
758 2163 928 2304 oscultim,
951 2218 1036 2286 Urbi
1054 2217 1152 2289 liber·

89 2337 207 2410 tatem,
229 2326 332 2392 Bruto
351 2323 494 2416 primurn
512 2323 545 2389 in
564 2308 674 2390 fastis⁴
689 2320 799 2389 locum
815 2270 941 2390 tributi.

142 2428 175 2499 3.
207 2430 315 2558 Scipio
337 2453 468 2522 quoque
494 2429 643 2546 superior
664 2427 852 2521 praesidium
872 2426 1056 2499 calliditatis
1081 2455 1150 2500 am·

89 2534 203 2654 plexus
219 2521 304 2603 est⁵:
322 2559 361 2603 cx
376 2532 483 2604 Sicilia
499 2534 586 2601 enim
600 2546 714 2627 petens
730 2533 875 2601 Africam
885 2560 1010 2628 ‚quum
1031 2560 1071 2604 ex
1088 2538 1157 2606 for·

89 2642 218 2710 tissimis
235 2641 399 2735 peditibus
412 2641 557 2708 romanis
570 2653 795 2708 trecentorum
809 2642 955 2733 equitum
975 2667 1151 2711 numerum

89 2746 255 2841 complere
281 2745 399 2832 vellet,
421 2770 529 2839 neque
551 2759 619 2812 tam
641 2744 750 2813 subito
769 2761 881 2839 posset
896 2771 952 2815 eos
968 2748 1150 2838 instruere,

88 2853 177 2947 quod
196 2853 352 2947 temporis
372 2853 529 2946 angustiae
544 2851 726 2944 negabant,
737 2853 914 2944 sagacitate
928 2853 1055 2921 consilii
1069 2879 1151 2923 asse·

87 2973 210 3052 quotus
229 2973 297 3027 est:
312 2981 455 3050 namque
467 2982 506 3025 ex
522 2957 559 3025 iis
576 2985 593 3020 α
606 2956 800 3050 juvenibus,
813 2981 895 3049 quos
906 2981 1018 3025 secum
1031 2984 1072 3026 ex
1080 2973 1151 3029 tota

87 3065 194 3138 Sicilia
215 3064 435 3133 nobilissimos
455 3077 488 3131 et
508 3061 703 3148 ditissimos,
722 3060 810 3129 sed
801 3086 961 3147 mermes,
987 3064 1149 3153 habebat,

88 3183 252 3239 trecentos
271 3173 419 3264 speciosa
435 3192 528 3236 arma
547 3182 581 3237 et
600 3114 721 3236 electds
736 3192 837 3297 equos
852 3192 958 3261 quam
980 3168 1150 3241 celerrime

13 3309 18 3313 ·
88 3277 268 3371 expedire»
284 3278 396 3370 jussit,
407 3275 499 3345 velut
509 3300 566 3345 eos
580 3259 756 3344 continuo⁶
771 3298 883 3344 secum
898 3275 941 3343 ad
954 3301 1150 3370 oppugnan-

130 3507 154 3540 1.
175 3486 291 3538 Indolem.
304 3486 410 3537 Florem
420 3484 572 3537 nobilitatis.
684 3483 709 3535 3.
725 3481 820 3552 Aperta
832 3482 983 3536 liberalitate.
995 3483 1029 3537 Id
1043 3499 1151 3553 est,au.

128 3587 155 3620 α.
176 3567 291 3635 Delolios.
308 3565 359 3616 An.
375 3564 410 3616 U.
427 3569 482 3626 otio
498 3577 524 3617 et
542 3568 598 3626 ’dd
641 3561 773 3632 ropalam
788 3562 839 3632 ipsi
852 3562 948 3618 oblato.
1197 3556 1204 3565 ’

87 3645 199 3699 circiter.
209 3644 313 3708 Livius,
322 3644 390 3696 lib.l
397 3664 404 3708 ;
412 3662 469 3713 cap.
480 3644 525 3706 56,
534 3642 596 3693 vot.
683 3646 710 3704 4.
726 3641 818 3693 Fastis.
830 3641 1026 3697 consularibus.

86 3727 183 3797 l,pag.
200 3724 270 3788 158,
285 3736 382 3775 nostrat
392 3721 522 3776 editionis.
533 3722 599 3773 Dio·
684 3720 709 3772 5.
734 3721 867 3790 Ampleeus
890 3733 933 3775 est.
952 3725 1002 3777 An.
1026 3724 1061 3777 U.
1087 3724 1155 3790 548.

86 3824 143 3875 nys.
157 3805 177 3857 l.
191 3805 241 3856 IV.
257 3803 326 3856 Cum.
344 3803 387 3855 Ob
401 3804 517 3873 elapsum
528 3819 543 3853 e
555 3819 599 3853 co·
641 3800 701 3852 Liv.
714 3799 823 3866 XXIX,
841 3818 865 3854 1.

86 3884 269 3954 lumnalignea
279 3901 405 3952 anguem,
415 3883 462 3953 qui
471 3895 600 3934 terrorem
684 3883 711 3932 6.
734 3879 853 3932 Continuo
864 3901 949 3934 secum.
970 3882 1010 3934 Ex
1026 3875 1079 3937 hoc
1093 3883 1154 3937 loco

85 3977 112 4016 et
120 3965 209 4034 fugam
219 3962 296 4027 fecit,
307 3975 333 4014 et
343 3962 425 4032 ipsius
435 3963 503 4033 regis
512 3961 600 4015 subito
643 3959 797 4011 Perizonius
804 3961 923 4032 conjicit,
931 3961 1081 4031 Scipionem
1090 3975 1154 4016 tuno

85 4062 183 4114 pavore
196 4042 310 4113 perculit
322 4053 421 4113 pectus.
502 4062 505 4067 ·
571 4074 575 4081 ·
643 4038 786 4093 instituisse
795 4039 1154 4113 cohort.protorism,quam

941 4146 986 4217 2²
