<?xml version="1.0" encoding="UTF-8"?>
<!DOCTYPE html PUBLIC "-//W3C//DTD XHTML 1.0 Transitional//EN"
    "http://www.w3.org/TR/xhtml1/DTD/xhtml1-transitional.dtd">
<html xmlns="http://www.w3.org/1999/xhtml" xml:lang="en" lang="en">
 <head>
  <title>
</title>
<meta http-equiv="Content-Type" content="text/html;charset=utf-8" />
  <meta name='ocr-system' content='tesseract 3.04.00' />
  <meta name='ocr-capabilities' content='ocr_page ocr_carea ocr_par ocr_line ocrx_word'/>
</head>
<body>
  <div class='ocr_page' id='page_1' title='image "bibliothecaclas04lemagoog_0045.png"; bbox 0 0 2678 4808; ppageno 0'>
   <div class='ocr_carea' id='block_1_1' title="bbox 225 373 1111 446">
    <p class='ocr_par' dir='ltr' id='par_1_1' title="bbox 225 373 1111 446">
     <span class='ocr_line' id='line_1_1' title="bbox 225 373 1111 446; baseline -0.002 0"><span class='ocrx_word' id='word_1_1' title='bbox 225 374 273 446; x_wconf 81' lang='lat'>30</span> <span class='ocrx_word' id='word_1_2' title='bbox 401 373 630 442; x_wconf 74' lang='lat' dir='ltr'><strong>&#39;VALERII</strong></span> <span class='ocrx_word' id='word_1_3' title='bbox 658 373 867 441; x_wconf 83' lang='grc' dir='ltr'>ΜΑΧΙΜῙ</span> <span class='ocrx_word' id='word_1_4' title='bbox 896 375 992 442; x_wconf 91' lang='lat' dir='ltr'><strong>LIB.</strong></span> <span class='ocrx_word' id='word_1_5' title='bbox 1020 376 1111 444; x_wconf 87' lang='lat' dir='ltr'><strong>VII.</strong></span> 
     </span>
    </p>
   </div>
   <div class='ocr_carea' id='block_1_2' title="bbox 221 501 1293 1546">
    <p class='ocr_par' dir='ltr' id='par_1_2' title="bbox 221 501 1293 1546">
     <span class='ocr_line' id='line_1_2' title="bbox 222 501 1292 602; baseline 0.004 -27"><span class='ocrx_word' id='word_1_6' title='bbox 222 509 277 601; x_wconf 91' lang='lat' dir='ltr'>qui</span> <span class='ocrx_word' id='word_1_7' title='bbox 292 501 344 574; x_wconf 82' lang='lat' dir='ltr'>¹ad</span> <span class='ocrx_word' id='word_1_8' title='bbox 373 503 495 573; x_wconf 91' lang='lat' dir='ltr'>bellum</span> <span class='ocrx_word' id='word_1_9' title='bbox 524 503 730 571; x_wconf 88' lang='lat' dir='ltr'>inferendum</span> <span class='ocrx_word' id='word_1_10' title='bbox 755 505 913 574; x_wconf 90' lang='lat' dir='ltr'>Romanis</span> <span class='ocrx_word' id='word_1_11' title='bbox 941 507 1083 574; x_wconf 85' lang='lat' dir='ltr'>maxima</span> <span class='ocrx_word' id='word_1_12' title='bbox 1112 508 1292 602; x_wconf 85' lang='lat' dir='ltr'>cupiditate</span> 
     </span>
     <span class='ocr_line' id='line_1_3' title="bbox 222 608 1292 705; baseline 0.006 -25"><span class='ocrx_word' id='word_1_13' title='bbox 222 636 399 697; x_wconf 83' lang='lat' dir='ltr'>accensus,</span> <span class='ocrx_word' id='word_1_14' title='bbox 418 635 519 703; x_wconf 91' lang='lat' dir='ltr'>quum</span> <span class='ocrx_word' id='word_1_15' title='bbox 542 608 668 702; x_wconf 86' lang='lat' dir='ltr'><strong>aliquot</strong></span> <span class='ocrx_word' id='word_1_16' title='bbox 684 609 829 679; x_wconf 87' lang='lat' dir='ltr'>adversis</span> <span class='ocrx_word' id='word_1_17' title='bbox 850 609 968 705; x_wconf 80' lang='lat' dir='ltr'>praeliis</span> <span class='ocrx_word' id='word_1_18' title='bbox 987 627 1142 682; x_wconf 91' lang='lat' dir='ltr'>contusos</span> <span class='ocrx_word' id='word_1_19' title='bbox 1164 616 1292 685; x_wconf 89' lang='lat' dir='ltr'>animos</span> 
     </span>
     <span class='ocr_line' id='line_1_4' title="bbox 223 714 1292 809; baseline 0.003 -22"><span class='ocrx_word' id='word_1_20' title='bbox 223 743 376 802; x_wconf 89' lang='lat' dir='ltr'>suorum,</span> <span class='ocrx_word' id='word_1_21' title='bbox 391 730 424 784; x_wconf 90' lang='lat' dir='ltr'>et</span> <span class='ocrx_word' id='word_1_22' title='bbox 439 716 482 784; x_wconf 94' lang='lat' dir='ltr'>ob</span> <span class='ocrx_word' id='word_1_23' title='bbox 498 714 531 783; x_wconf 93' lang='lat' dir='ltr'>id</span> <span class='ocrx_word' id='word_1_24' title='bbox 548 717 621 809; x_wconf 90' lang='lat' dir='ltr'>paci</span> <span class='ocrx_word' id='word_1_25' title='bbox 640 718 811 809; x_wconf 87' lang='lat' dir='ltr'>proniores</span> <span class='ocrx_word' id='word_1_26' title='bbox 827 716 1120 806; x_wconf 82' lang='lat' dir='ltr'>animadverteret,</span> <span class='ocrx_word' id='word_1_27' title='bbox 1137 720 1292 790; x_wconf 88' lang='lat' dir='ltr'>insidiosa</span> 
     </span>
     <span class='ocr_line' id='line_1_5' title="bbox 223 820 1291 917; baseline 0.002 -24"><span class='ocrx_word' id='word_1_28' title='bbox 223 825 369 910; x_wconf 82' lang='lat' dir='ltr'>ratione,</span> <span class='ocrx_word' id='word_1_29' title='bbox 382 847 449 916; x_wconf 93' lang='lat' dir='ltr'>quo</span> <span class='ocrx_word' id='word_1_30' title='bbox 461 820 613 905; x_wconf 82' lang='lat' dir='ltr'>volebat,</span> <span class='ocrx_word' id='word_1_31' title='bbox 628 820 805 916; x_wconf 81' lang='lat' dir='ltr'>compulit3</span> <span class='ocrx_word' id='word_1_32' title='bbox 821 846 897 890; x_wconf 92' lang='lat' dir='ltr'>nam</span> <span class='ocrx_word' id='word_1_33' title='bbox 917 848 1016 917; x_wconf 92' lang='lat' dir='ltr'>quum</span> <span class='ocrx_word' id='word_1_34' title='bbox 1034 825 1291 917; x_wconf 74' lang='lat' dir='ltr'><strong>spectandorum</strong></span> 
     </span>
     <span class='ocr_line' id='line_1_6' title="bbox 222 925 1291 1022; baseline 0.004 -25"><span class='ocrx_word' id='word_1_35' title='bbox 222 929 377 1000; x_wconf 89' lang='lat' dir='ltr'>ludorum</span> <span class='ocrx_word' id='word_1_36' title='bbox 410 925 537 1022; x_wconf 81' lang='lat' dir='ltr'>gratia1</span> <span class='ocrx_word' id='word_1_37' title='bbox 567 949 687 1021; x_wconf 82' lang='lat' dir='ltr'>magna</span> <span class='ocrx_word' id='word_1_38' title='bbox 711 927 908 997; x_wconf 90' lang='lat' dir='ltr'>Volscorum</span> <span class='ocrx_word' id='word_1_39' title='bbox 939 928 1116 1019; x_wconf 82' lang='lat' dir='ltr'>multitudo</span> <span class='ocrx_word' id='word_1_40' title='bbox 1147 934 1291 1002; x_wconf 86' lang='lat' dir='ltr'>Romam</span> 
     </span>
     <span class='ocr_line' id='line_1_7' title="bbox 223 1032 1293 1124; baseline 0.003 -20"><span class='ocrx_word' id='word_1_41' title='bbox 223 1036 452 1120; x_wconf 86' lang='lat' dir='ltr'>convenisset,</span> <span class='ocrx_word' id='word_1_42' title='bbox 470 1032 659 1103; x_wconf 89' lang='lat' dir='ltr'>consulibus</span> <span class='ocrx_word' id='word_1_43' title='bbox 681 1033 781 1122; x_wconf 78' lang='lat' dir='ltr'>dixit,</span> <span class='ocrx_word' id='word_1_44' title='bbox 799 1035 1021 1104; x_wconf 76' lang='lat' dir='ltr'><em>Vehementer</em></span> <span class='ocrx_word' id='word_1_45' title='bbox 1040 1060 1077 1104; x_wconf 87' lang='lat' dir='ltr'>se</span> <span class='ocrx_word' id='word_1_46' title='bbox 1095 1041 1227 1124; x_wconf 85' lang='lat' dir='ltr'>timere,</span> <span class='ocrx_word' id='word_1_47' title='bbox 1249 1063 1293 1108; x_wconf 82' lang='lat' dir='ltr'>ne</span> 
     </span>
     <span class='ocr_line' id='line_1_8' title="bbox 221 1140 1291 1236; baseline 0.004 -26"><span class='ocrx_word' id='word_1_48' title='bbox 221 1143 307 1236; x_wconf 80' lang='lat' dir='ltr'>quid</span> <span class='ocrx_word' id='word_1_49' title='bbox 318 1142 439 1210; x_wconf 78' lang='lat' dir='ltr'>laostile</span> <span class='ocrx_word' id='word_1_50' title='bbox 452 1140 564 1209; x_wconf 83' lang='lat' dir='ltr'>subito</span> <span class='ocrx_word' id='word_1_51' title='bbox 578 1140 796 1208; x_wconf 72' lang='lat' dir='ltr'>molirentur:</span> <span class='ocrx_word' id='word_1_52' title='bbox 811 1143 1020 1234; x_wconf 87' lang='lat' dir='ltr'>monuitque,</span> <span class='ocrx_word' id='word_1_53' title='bbox 1034 1157 1073 1209; x_wconf 85' lang='lat' dir='ltr'>ut</span> <span class='ocrx_word' id='word_1_54' title='bbox 1083 1161 1195 1212; x_wconf 83' lang='lat' dir='ltr'>essent</span> <span class='ocrx_word' id='word_1_55' title='bbox 1209 1166 1291 1214; x_wconf 84' lang='lat' dir='ltr'>cau·</span> 
     </span>
     <span class='ocr_line' id='line_1_9' title="bbox 222 1247 1291 1341; baseline 0.002 -25"><span class='ocrx_word' id='word_1_56' title='bbox 222 1253 342 1335; x_wconf 70' lang='lat' dir='ltr'>nores,</span> <span class='ocrx_word' id='word_1_57' title='bbox 356 1261 388 1315; x_wconf 90' lang='lat' dir='ltr'>et</span> <span class='ocrx_word' id='word_1_58' title='bbox 402 1248 553 1341; x_wconf 90' lang='lat' dir='ltr'>protinus</span> <span class='ocrx_word' id='word_1_59' title='bbox 568 1247 638 1339; x_wconf 91' lang='lat' dir='ltr'>ipse</span> <span class='ocrx_word' id='word_1_60' title='bbox 657 1247 739 1314; x_wconf 90' lang='lat' dir='ltr'>urbe</span> <span class='ocrx_word' id='word_1_61' title='bbox 757 1270 907 1341; x_wconf 83' lang='lat' dir='ltr'>egressus</span> <span class='ocrx_word' id='word_1_62' title='bbox 923 1261 980 1315; x_wconf 86' lang='lat' dir='ltr'>est.</span> <span class='ocrx_word' id='word_1_63' title='bbox 998 1249 1107 1336; x_wconf 89' lang='lat' dir='ltr'>Quam</span> <span class='ocrx_word' id='word_1_64' title='bbox 1126 1273 1195 1317; x_wconf 90' lang='lat' dir='ltr'>rem</span> <span class='ocrx_word' id='word_1_65' title='bbox 1211 1275 1291 1318; x_wconf 89' lang='lat' dir='ltr'>con·</span> 
     </span>
     <span class='ocr_line' id='line_1_10' title="bbox 222 1349 1291 1449; baseline 0.004 -27"><span class='ocrx_word' id='word_1_66' title='bbox 222 1353 308 1423; x_wconf 90' lang='lat' dir='ltr'>sules</span> <span class='ocrx_word' id='word_1_67' title='bbox 326 1353 368 1421; x_wconf 88' lang='lat' dir='ltr'>ad</span> <span class='ocrx_word' id='word_1_68' title='bbox 391 1367 540 1422; x_wconf 88' lang='lat' dir='ltr'>senatum</span> <span class='ocrx_word' id='word_1_69' title='bbox 562 1349 780 1420; x_wconf 78' lang='lat' dir='ltr'>retulerunt²z</span> <span class='ocrx_word' id='word_1_70' title='bbox 802 1355 877 1446; x_wconf 84' lang='lat' dir='ltr'>qui,</span> <span class='ocrx_word' id='word_1_71' title='bbox 891 1355 1020 1422; x_wconf 88' lang='lat' dir='ltr'>tametsi</span> <span class='ocrx_word' id='word_1_72' title='bbox 1038 1353 1128 1423; x_wconf 91' lang='lat' dir='ltr'>nulla</span> <span class='ocrx_word' id='word_1_73' title='bbox 1149 1358 1291 1449; x_wconf 88' lang='lat' dir='ltr'>suspicio</span> 
     </span>
     <span class='ocr_line' id='line_1_11' title="bbox 222 1456 1290 1546; baseline 0.001 -17"><span class='ocrx_word' id='word_1_74' title='bbox 222 1460 375 1544; x_wconf 79' lang='lat' dir='ltr'>suberat,</span> <span class='ocrx_word' id='word_1_75' title='bbox 396 1460 591 1527; x_wconf 86' lang='lat' dir='ltr'>auctoritate</span> <span class='ocrx_word' id='word_1_76' title='bbox 612 1474 722 1526; x_wconf 92' lang='lat' dir='ltr'>tamen</span> <span class='ocrx_word' id='word_1_77' title='bbox 740 1456 826 1526; x_wconf 87' lang='lat' dir='ltr'>Tulli</span> <span class='ocrx_word' id='word_1_78' title='bbox 848 1475 1053 1546; x_wconf 87' lang='lat' dir='ltr'>commotus,</span> <span class='ocrx_word' id='word_1_79' title='bbox 1072 1476 1210 1529; x_wconf 79' lang='lat' dir='ltr'>utente</span> <span class='ocrx_word' id='word_1_80' title='bbox 1229 1487 1290 1531; x_wconf 82' lang='lat' dir='ltr'>no·</span> 
     </span>
    </p>
   </div>
   <div class='ocr_carea' id='block_1_3' title="bbox 118 1563 1290 1656">
    <p class='ocr_par' dir='ltr' id='par_1_3' title="bbox 118 1563 1290 1656">
     <span class='ocr_line' id='line_1_12' title="bbox 118 1563 1290 1656; baseline 0.002 -22"><span class='ocrx_word' id='word_1_81' title='bbox 118 1608 121 1625; x_wconf 81' lang='lat'>·</span> <span class='ocrx_word' id='word_1_82' title='bbox 223 1583 308 1635; x_wconf 80' lang='lat' dir='ltr'>ctam</span> <span class='ocrx_word' id='word_1_83' title='bbox 331 1566 451 1635; x_wconf 75' lang='lat' dir='ltr'>Volsca·</span> <span class='ocrx_word' id='word_1_84' title='bbox 474 1565 627 1650; x_wconf 69' lang='lat' dir='ltr'>abirent,</span> <span class='ocrx_word' id='word_1_85' title='bbox 653 1563 809 1633; x_wconf 87' lang='lat' dir='ltr'>decrevit.</span> <span class='ocrx_word' id='word_1_86' title='bbox 833 1566 909 1652; x_wconf 89' lang='lat' dir='ltr'>Qua</span> <span class='ocrx_word' id='word_1_87' title='bbox 932 1564 1131 1634; x_wconf 90' lang='lat' dir='ltr'>contumelia</span> <span class='ocrx_word' id='word_1_88' title='bbox 1151 1569 1290 1656; x_wconf 85' lang='lat' dir='ltr'>irritati,</span> 
     </span>
    </p>
   </div>
   <div class='ocr_carea' id='block_1_4' title="bbox 222 1669 1293 2081">
    <p class='ocr_par' dir='ltr' id='par_1_4' title="bbox 222 1669 1293 2081">
     <span class='ocr_line' id='line_1_13' title="bbox 223 1669 1291 1765; baseline 0.002 -25"><span class='ocrx_word' id='word_1_89' title='bbox 223 1672 318 1740; x_wconf 90' lang='lat' dir='ltr'>facile</span> <span class='ocrx_word' id='word_1_90' title='bbox 338 1670 461 1765; x_wconf 84' lang='lat' dir='ltr'>impelli</span> <span class='ocrx_word' id='word_1_91' title='bbox 483 1685 664 1765; x_wconf 88' lang='lat' dir='ltr'>potuerunt</span> <span class='ocrx_word' id='word_1_92' title='bbox 685 1669 727 1738; x_wconf 90' lang='lat' dir='ltr'>ad</span> <span class='ocrx_word' id='word_1_93' title='bbox 751 1669 987 1740; x_wconf 86' lang='lat' dir='ltr'>rebellandum.</span> <span class='ocrx_word' id='word_1_94' title='bbox 1007 1674 1058 1740; x_wconf 89' lang='lat' dir='ltr'>Ita</span> <span class='ocrx_word' id='word_1_95' title='bbox 1080 1672 1291 1742; x_wconf 89' lang='lat' dir='ltr'>mendacium</span> 
     </span>
     <span class='ocr_line' id='line_1_14' title="bbox 222 1774 1290 1864; baseline 0.004 -18"><span class='ocrx_word' id='word_1_96' title='bbox 222 1779 346 1846; x_wconf 87' lang='lat' dir='ltr'>versuti</span> <span class='ocrx_word' id='word_1_97' title='bbox 359 1777 480 1862; x_wconf 86' lang='lat' dir='ltr'>ducis,</span> <span class='ocrx_word' id='word_1_98' title='bbox 501 1774 707 1845; x_wconf 85' lang='lat' dir='ltr'>simulatione</span> <span class='ocrx_word' id='word_1_99' title='bbox 730 1775 968 1846; x_wconf 86' lang='lat' dir='ltr'>benevolentiae</span> <span class='ocrx_word' id='word_1_100' title='bbox 985 1776 1187 1864; x_wconf 85' lang='lat' dir='ltr'>involutum,</span> <span class='ocrx_word' id='word_1_101' title='bbox 1206 1778 1290 1850; x_wconf 91' lang='lat' dir='ltr'>duos</span> 
     </span>
     <span class='ocr_line' id='line_1_15' title="bbox 224 1880 1293 1977; baseline 0.004 -26"><span class='ocrx_word' id='word_1_102' title='bbox 224 1882 320 1952; x_wconf 91' lang='lat' dir='ltr'>simul</span> <span class='ocrx_word' id='word_1_103' title='bbox 343 1881 485 1977; x_wconf 94' lang='lat' dir='ltr'>populos</span> <span class='ocrx_word' id='word_1_104' title='bbox 510 1880 651 1950; x_wconf 87' lang='lat' dir='ltr'>fefellit:</span> <span class='ocrx_word' id='word_1_105' title='bbox 673 1884 880 1972; x_wconf 87' lang='lat' dir='ltr'>Romanum,</span> <span class='ocrx_word' id='word_1_106' title='bbox 901 1898 939 1952; x_wconf 92' lang='lat' dir='ltr'>ut</span> <span class='ocrx_word' id='word_1_107' title='bbox 967 1887 1111 1954; x_wconf 88' lang='lat' dir='ltr'>insontes</span> <span class='ocrx_word' id='word_1_108' title='bbox 1136 1899 1293 1974; x_wconf 84' lang='lat' dir='ltr'>notaret·,</span> 
     </span>
     <span class='ocr_line' id='line_1_16' title="bbox 223 1987 854 2081; baseline -0.006 -22"><span class='ocrx_word' id='word_1_109' title='bbox 223 1988 403 2077; x_wconf 87' lang='lat' dir='ltr'>Volscum,</span> <span class='ocrx_word' id='word_1_110' title='bbox 422 2003 460 2057; x_wconf 90' lang='lat' dir='ltr'>ut</span> <span class='ocrx_word' id='word_1_111' title='bbox 482 1987 627 2081; x_wconf 87' lang='lat' dir='ltr'>deceptis</span> <span class='ocrx_word' id='word_1_112' title='bbox 648 1989 854 2058; x_wconf 86' lang='lat' dir='ltr'>irasceretur.</span> 
     </span>
    </p>
   </div>
   <div class='ocr_carea' id='block_1_5' title="bbox 540 2239 943 2329">
    <p class='ocr_par' dir='ltr' id='par_1_5' title="bbox 540 2239 943 2329">
     <span class='ocr_line' id='line_1_17' title="bbox 540 2239 943 2329; baseline -0.005 -1"><span class='ocrx_word' id='word_1_113' title='bbox 540 2239 817 2329; x_wconf 84' lang='lat' dir='ltr'><strong>‘CAPUT</strong></span> <span class='ocrx_word' id='word_1_114' title='bbox 859 2243 943 2329; x_wconf 89' lang='lat' dir='ltr'>IV.</span> 
     </span>
    </p>
   </div>
   <div class='ocr_carea' id='block_1_6' title="bbox 485 2441 1019 2526">
    <p class='ocr_par' dir='ltr' id='par_1_6' title="bbox 485 2441 1019 2526">
     <span class='ocr_line' id='line_1_18' title="bbox 485 2441 1019 2526; baseline -0.002 -22"><span class='ocrx_word' id='word_1_115' title='bbox 485 2441 533 2504; x_wconf 87' lang='lat' dir='ltr'>De</span> <span class='ocrx_word' id='word_1_116' title='bbox 550 2444 777 2526; x_wconf 80' lang='lat' dir='ltr'>strategematis</span> <span class='ocrx_word' id='word_1_117' title='bbox 794 2441 1019 2505; x_wconf 78' lang='lat' dir='ltr'>Romanorum.</span> 
     </span>
    </p>
   </div>
   <div class='ocr_carea' id='block_1_7' title="bbox 195 2569 1289 2723">
    <p class='ocr_par' dir='ltr' id='par_1_7' title="bbox 195 2569 1289 2723">
     <span class='ocr_line' id='line_1_19' title="bbox 195 2569 1289 2651; baseline 0.003 -18"><span class='ocrx_word' id='word_1_118' title='bbox 195 2630 197 2633; x_wconf 88' lang='lat'>.</span> <span class='ocrx_word' id='word_1_119' title='bbox 222 2607 243 2636; x_wconf 77' lang='lat' dir='ltr'>a.</span> <span class='ocrx_word' id='word_1_120' title='bbox 254 2589 318 2637; x_wconf 85' lang='lat' dir='ltr'>‘l&#39;ulli</span> <span class='ocrx_word' id='word_1_121' title='bbox 331 2588 425 2636; x_wconf 81' lang='lat' dir='ltr'>Hostilii</span> <span class='ocrx_word' id='word_1_122' title='bbox 439 2587 508 2649; x_wconf 75' lang='lat' dir='ltr'>regis.</span> <span class='ocrx_word' id='word_1_123' title='bbox 524 2612 556 2621; x_wconf 95' lang='lat'>-</span> <span class='ocrx_word' id='word_1_124' title='bbox 570 2601 593 2633; x_wconf 81' lang='lat' dir='ltr'>a.</span> <span class='ocrx_word' id='word_1_125' title='bbox 608 2589 659 2633; x_wconf 83' lang='lat' dir='ltr'>Sex.</span> <span class='ocrx_word' id='word_1_126' title='bbox 671 2586 791 2647; x_wconf 84' lang='lat' dir='ltr'>Tarquinii</span> <span class='ocrx_word' id='word_1_127' title='bbox 802 2569 829 2633; x_wconf 75' lang='lat' dir='ltr'>a.</span> <span class='ocrx_word' id='word_1_128' title='bbox 843 2587 869 2632; x_wconf 77' lang='lat' dir='ltr'>F.</span> <span class='ocrx_word' id='word_1_129' title='bbox 883 2612 914 2621; x_wconf 96' lang='lat'>—</span> <span class='ocrx_word' id='word_1_130' title='bbox 928 2587 949 2634; x_wconf 83' lang='lat'>3.</span> <span class='ocrx_word' id='word_1_131' title='bbox 963 2587 1117 2634; x_wconf 82' lang='lat' dir='ltr'>obsessorum</span> <span class='ocrx_word' id='word_1_132' title='bbox 1129 2588 1154 2634; x_wconf 92' lang='lat' dir='ltr'>in</span> <span class='ocrx_word' id='word_1_133' title='bbox 1166 2589 1289 2651; x_wconf 81' lang='lat' dir='ltr'>Capitolio.</span> 
     </span>
     <span class='ocr_line' id='line_1_20' title="bbox 358 2664 1149 2723; baseline 0 -10"><span class='ocrx_word' id='word_1_134' title='bbox 358 2693 389 2703; x_wconf 95' lang='lat'>-</span> <span class='ocrx_word' id='word_1_135' title='bbox 400 2674 424 2721; x_wconf 72' lang='grc'>4.</span> <span class='ocrx_word' id='word_1_136' title='bbox 434 2669 467 2713; x_wconf 89' lang='grc' dir='ltr'>Μ.</span> <span class='ocrx_word' id='word_1_137' title='bbox 479 2666 551 2721; x_wconf 83' lang='lat' dir='ltr'>Livii,</span> <span class='ocrx_word' id='word_1_138' title='bbox 563 2669 589 2715; x_wconf 82' lang='lat' dir='ltr'>C·</span> <span class='ocrx_word' id='word_1_139' title='bbox 601 2665 692 2713; x_wconf 83' lang='lat' dir='ltr'>Claudii</span> <span class='ocrx_word' id='word_1_140' title='bbox 704 2681 762 2712; x_wconf 83' lang='lat' dir='ltr'>coss.</span> <span class='ocrx_word' id='word_1_141' title='bbox 775 2691 807 2700; x_wconf 90' lang='lat'>—</span> <span class='ocrx_word' id='word_1_142' title='bbox 819 2666 840 2713; x_wconf 80' lang='grc'>5.</span> <span class='ocrx_word' id='word_1_143' title='bbox 852 2664 881 2723; x_wconf 62' lang='lat' dir='ltr'>Q}</span> <span class='ocrx_word' id='word_1_144' title='bbox 895 2666 985 2711; x_wconf 82' lang='lat' dir='ltr'>Metelli</span> <span class='ocrx_word' id='word_1_145' title='bbox 995 2666 1149 2714; x_wconf 75' lang='lat' dir='ltr'>Macedonici.</span> 
     </span>
    </p>
   </div>
   <div class='ocr_carea' id='block_1_8' title="bbox 482 2824 1022 2910">
    <p class='ocr_par' dir='ltr' id='par_1_8' title="bbox 482 2824 1022 2910">
     <span class='ocr_line' id='line_1_21' title="bbox 482 2824 1022 2910; baseline -0.004 -22"><span class='ocrx_word' id='word_1_146' title='bbox 482 2825 531 2888; x_wconf 85' lang='lat' dir='ltr'>De</span> <span class='ocrx_word' id='word_1_147' title='bbox 550 2827 778 2910; x_wconf 62' lang='lat' dir='ltr'>strategemata</span> <span class='ocrx_word' id='word_1_148' title='bbox 796 2824 1022 2886; x_wconf 79' lang='lat' dir='ltr'>Externorum.</span> 
     </span>
    </p>
   </div>
   <div class='ocr_carea' id='block_1_9' title="bbox 359 2969 1140 3034">
    <p class='ocr_par' dir='ltr' id='par_1_9' title="bbox 359 2969 1140 3034">
     <span class='ocr_line' id='line_1_22' title="bbox 359 2969 1140 3034; baseline -0.004 -15"><span class='ocrx_word' id='word_1_149' title='bbox 359 2989 380 3019; x_wconf 81' lang='lat' dir='ltr'>r.</span> <span class='ocrx_word' id='word_1_150' title='bbox 393 2971 541 3034; x_wconf 78' lang='lat' dir='ltr'>Agathoclis,</span> <span class='ocrx_word' id='word_1_151' title='bbox 554 2973 752 3030; x_wconf 75' lang='lat' dir='ltr'>Syracusanorum</span> <span class='ocrx_word' id='word_1_152' title='bbox 763 2970 832 3031; x_wconf 79' lang='lat' dir='ltr'>regia.</span> <span class='ocrx_word' id='word_1_153' title='bbox 845 2994 876 3003; x_wconf 96' lang='lat'>—</span> <span class='ocrx_word' id='word_1_154' title='bbox 888 2969 1056 3015; x_wconf 65' lang='lat' dir='ltr'>alimonialis</span> <span class='ocrx_word' id='word_1_155' title='bbox 1070 2971 1140 3030; x_wconf 88' lang='lat' dir='ltr'>pomi.</span> 
     </span>
    </p>
   </div>
   <div class='ocr_carea' id='block_1_10' title="bbox 368 3143 1141 3200">
    <p class='ocr_par' dir='ltr' id='par_1_10' title="bbox 368 3143 1141 3200">
     <span class='ocr_line' id='line_1_23' title="bbox 368 3143 1141 3200; baseline -0.001 0"><span class='ocrx_word' id='word_1_156' title='bbox 368 3148 422 3199; x_wconf 91' lang='lat' dir='ltr'>DE</span> <span class='ocrx_word' id='word_1_157' title='bbox 447 3144 820 3200; x_wconf 80' lang='lat' dir='ltr'><strong>STRATEGEMATIS</strong></span> <span class='ocrx_word' id='word_1_158' title='bbox 844 3143 1141 3199; x_wconf 81' lang='lat' dir='ltr'><strong>ROMANORUM.</strong></span> 
     </span>
    </p>
   </div>
   <div class='ocr_carea' id='block_1_11' title="bbox 221 3289 1288 3518">
    <p class='ocr_par' dir='ltr' id='par_1_11' title="bbox 221 3289 1288 3518">
     <span class='ocr_line' id='line_1_24' title="bbox 273 3289 1288 3409; baseline -0.005 -21"><span class='ocrx_word' id='word_1_159' title='bbox 273 3316 333 3388; x_wconf 90' lang='lat' dir='ltr'>llla</span> <span class='ocrx_word' id='word_1_160' title='bbox 348 3340 429 3383; x_wconf 85' lang='lat' dir='ltr'>vero</span> <span class='ocrx_word' id='word_1_161' title='bbox 443 3339 519 3409; x_wconf 89' lang='lat' dir='ltr'>pars</span> <span class='ocrx_word' id='word_1_162' title='bbox 534 3289 721 3383; x_wconf 83' lang='lat' dir='ltr'>calliditatis</span> <span class='ocrx_word' id='word_1_163' title='bbox 738 3313 886 3407; x_wconf 83' lang='lat' dir='ltr'>egregia,</span> <span class='ocrx_word' id='word_1_164' title='bbox 902 3327 935 3380; x_wconf 89' lang='lat' dir='ltr'>et</span> <span class='ocrx_word' id='word_1_165' title='bbox 947 3313 988 3380; x_wconf 92' lang='lat' dir='ltr'>ab</span> <span class='ocrx_word' id='word_1_166' title='bbox 1001 3316 1091 3381; x_wconf 95' lang='lat' dir='ltr'>omni</span> <span class='ocrx_word' id='word_1_167' title='bbox 1105 3317 1288 3408; x_wconf 87' lang='lat' dir='ltr'>reprehen-</span> 
     </span>
     <span class='ocr_line' id='line_1_25' title="bbox 221 3419 1284 3518; baseline -0.003 -22"><span class='ocrx_word' id='word_1_168' title='bbox 221 3429 310 3496; x_wconf 89' lang='lat' dir='ltr'>sione</span> <span class='ocrx_word' id='word_1_169' title='bbox 330 3421 446 3518; x_wconf 86' lang='lat' dir='ltr'>procul</span> <span class='ocrx_word' id='word_1_170' title='bbox 466 3435 610 3507; x_wconf 86' lang='lat' dir='ltr'>remota,</span> <span class='ocrx_word' id='word_1_171' title='bbox 629 3420 722 3512; x_wconf 86' lang='lat' dir='ltr'>cujus</span> <span class='ocrx_word' id='word_1_172' title='bbox 747 3442 865 3513; x_wconf 85' lang='lat' dir='ltr'>opera,</span> <span class='ocrx_word' id='word_1_173' title='bbox 888 3421 964 3512; x_wconf 89' lang='lat' dir='ltr'>quia</span> <span class='ocrx_word' id='word_1_174' title='bbox 987 3419 1206 3514; x_wconf 83' lang='lat' dir='ltr'>appellatione</span> <span class='ocrx_word' id='word_1_175' title='bbox 1229 3450 1284 3494; x_wconf 92' lang='lat' dir='ltr'>no-</span> 
     </span>
    </p>
   </div>
   <div class='ocr_carea' id='block_1_12' title="bbox 183 3619 1288 4096">
    <p class='ocr_par' dir='ltr' id='par_1_12' title="bbox 183 3619 1288 4096">
     <span class='ocr_line' id='line_1_26' title="bbox 183 3619 1288 3695; baseline 0 -17"><span class='ocrx_word' id='word_1_176' title='bbox 183 3686 187 3695; x_wconf 25' lang='grc' dir='ltr'><em>Ι</em></span> <span class='ocrx_word' id='word_1_177' title='bbox 221 3623 362 3690; x_wconf 89' lang='lat' dir='ltr'>editionis;</span> <span class='ocrx_word' id='word_1_178' title='bbox 379 3623 448 3675; x_wconf 92' lang='lat' dir='ltr'>Plut.</span> <span class='ocrx_word' id='word_1_179' title='bbox 464 3621 491 3673; x_wconf 93' lang='lat' dir='ltr'>in</span> <span class='ocrx_word' id='word_1_180' title='bbox 506 3620 606 3673; x_wconf 89' lang='lat' dir='ltr'>Coriol.</span> <span class='ocrx_word' id='word_1_181' title='bbox 621 3619 731 3690; x_wconf 82' lang='lat' dir='ltr'>Dyonis.</span> <span class='ocrx_word' id='word_1_182' title='bbox 776 3619 893 3672; x_wconf 87' lang='lat' dir='ltr'>Danielis</span> <span class='ocrx_word' id='word_1_183' title='bbox 899 3626 982 3689; x_wconf 75' lang='lat' dir='ltr'>gratia</span> <span class='ocrx_word' id='word_1_184' title='bbox 993 3622 1081 3674; x_wconf 85' lang='lat' dir='ltr'>abesse</span> <span class='ocrx_word' id='word_1_185' title='bbox 1093 3621 1208 3688; x_wconf 87' lang='lat' dir='ltr'>videret,</span> <span class='ocrx_word' id='word_1_186' title='bbox 1219 3624 1288 3678; x_wconf 89' lang='lat' dir='ltr'>hanc</span> 
     </span>
     <span class='ocr_line' id='line_1_27' title="bbox 220 3699 1246 3772; baseline 0.002 -18"><span class='ocrx_word' id='word_1_187' title='bbox 220 3706 350 3762; x_wconf 67' lang='lat' dir='ltr'>flavin.</span> <span class='ocrx_word' id='word_1_188' title='bbox 365 3703 449 3772; x_wconf 85' lang='lat' dir='ltr'>Hujus</span> <span class='ocrx_word' id='word_1_189' title='bbox 460 3701 526 3753; x_wconf 82' lang='lat' dir='ltr'>Attii</span> <span class='ocrx_word' id='word_1_190' title='bbox 540 3700 611 3751; x_wconf 93' lang='lat' dir='ltr'>Tulli</span> <span class='ocrx_word' id='word_1_191' title='bbox 621 3699 733 3751; x_wconf 84' lang='lat' dir='ltr'>Volsco·</span> <span class='ocrx_word' id='word_1_192' title='bbox 775 3718 865 3752; x_wconf 85' lang='lat' dir='ltr'>vocem</span> <span class='ocrx_word' id='word_1_193' title='bbox 878 3718 1028 3770; x_wconf 83' lang='lat' dir='ltr'>expungere</span> <span class='ocrx_word' id='word_1_194' title='bbox 1041 3720 1095 3752; x_wconf 91' lang='lat' dir='ltr'>non</span> <span class='ocrx_word' id='word_1_195' title='bbox 1106 3700 1246 3756; x_wconf 89' lang='lat' dir='ltr'>dubitavit.</span> 
     </span>
     <span class='ocr_line' id='line_1_28' title="bbox 222 3779 1288 3857; baseline 0.003 -22"><span class='ocrx_word' id='word_1_196' title='bbox 222 3807 281 3842; x_wconf 73' lang='lat' dir='ltr'>rum</span> <span class='ocrx_word' id='word_1_197' title='bbox 291 3782 420 3857; x_wconf 89' lang='lat' dir='ltr'>principis</span> <span class='ocrx_word' id='word_1_198' title='bbox 433 3780 549 3851; x_wconf 86' lang='lat' dir='ltr'>hospitio</span> <span class='ocrx_word' id='word_1_199' title='bbox 563 3781 685 3831; x_wconf 87' lang='lat' dir='ltr'>utebatur</span> <span class='ocrx_word' id='word_1_200' title='bbox 697 3779 731 3842; x_wconf 93' lang='lat' dir='ltr'>Q.</span> <span class='ocrx_word' id='word_1_201' title='bbox 818 3799 843 3831; x_wconf 69' lang='grc' dir='ltr'>α.</span> <span class='ocrx_word' id='word_1_202' title='bbox 857 3779 1005 3830; x_wconf 71' lang='lat' dir='ltr'>detulerunt.</span> <span class='ocrx_word' id='word_1_203' title='bbox 1017 3780 1133 3844; x_wconf 88' lang='lat' dir='ltr'>Quidam</span> <span class='ocrx_word' id='word_1_204' title='bbox 1144 3783 1288 3840; x_wconf 83' lang='lat' dir='ltr'>detulerunt.</span> 
     </span>
     <span class='ocr_line' id='line_1_29' title="bbox 221 3856 1288 3930; baseline 0.019 -33"><span class='ocrx_word' id='word_1_205' title='bbox 221 3867 336 3921; x_wconf 60' lang='lat' dir='ltr'>Marcius</span> <span class='ocrx_word' id='word_1_206' title='bbox 348 3863 515 3915; x_wconf 56' lang='lat'>(301501211115,</span> <span class='ocrx_word' id='word_1_207' title='bbox 775 3858 867 3910; x_wconf 91' lang='lat' dir='ltr'>Livius</span> <span class='ocrx_word' id='word_1_208' title='bbox 880 3856 913 3912; x_wconf 82' lang='lat' dir='ltr'>de</span> <span class='ocrx_word' id='word_1_209' title='bbox 926 3857 1016 3911; x_wconf 87' lang='lat' dir='ltr'>eadem</span> <span class='ocrx_word' id='word_1_210' title='bbox 1029 3862 1121 3927; x_wconf 87' lang='lat' dir='ltr'>re‚ll‚</span> <span class='ocrx_word' id='word_1_211' title='bbox 1134 3862 1184 3930; x_wconf 83' lang='lat'>39:</span> <span class='ocrx_word' id='word_1_212' title='bbox 1201 3890 1211 3909; x_wconf 79' lang='grc' dir='ltr'>ι</span> <span class='ocrx_word' id='word_1_213' title='bbox 1224 3882 1288 3917; x_wconf 88' lang='lat' dir='ltr'>con·</span> 
     </span>
     <span class='ocr_line' id='line_1_30' title="bbox 266 3936 1287 4010; baseline 0.004 -17"><span class='ocrx_word' id='word_1_214' title='bbox 266 3966 289 3999; x_wconf 82' lang='lat'>1.</span> <span class='ocrx_word' id='word_1_215' title='bbox 302 3944 426 3998; x_wconf 83' lang='lat' dir='ltr'>Ludorum</span> <span class='ocrx_word' id='word_1_216' title='bbox 437 3942 528 4009; x_wconf 72' lang='lat' dir='ltr'>gratia.</span> <span class='ocrx_word' id='word_1_217' title='bbox 545 3936 638 3990; x_wconf 81' lang='lat' dir='ltr'>Audax</span> <span class='ocrx_word' id='word_1_218' title='bbox 655 3938 733 3990; x_wconf 89' lang='lat' dir='ltr'>Cole-</span> <span class='ocrx_word' id='word_1_219' title='bbox 776 3937 844 3989; x_wconf 86' lang='lat' dir='ltr'>sules</span> <span class='ocrx_word' id='word_1_220' title='bbox 854 3957 942 4009; x_wconf 84' lang='lat' dir='ltr'>quum</span> <span class='ocrx_word' id='word_1_221' title='bbox 959 3937 992 3990; x_wconf 92' lang='lat' dir='ltr'>ad</span> <span class='ocrx_word' id='word_1_222' title='bbox 1006 3953 1093 4010; x_wconf 88' lang='lat' dir='ltr'>patres</span> <span class='ocrx_word' id='word_1_223' title='bbox 1106 3960 1163 3993; x_wconf 91' lang='lat' dir='ltr'>rem</span> <span class='ocrx_word' id='word_1_224' title='bbox 1178 3940 1287 3996; x_wconf 90' lang='lat' dir='ltr'>dubiam</span> 
     </span>
     <span class='ocr_line' id='line_1_31' title="bbox 222 4015 1229 4096; baseline 0.01 -32"><span class='ocrx_word' id='word_1_225' title='bbox 222 4047 283 4093; x_wconf 61' lang='lat' dir='ltr'>rus,</span> <span class='ocrx_word' id='word_1_226' title='bbox 299 4022 372 4096; x_wconf 71' lang='lat' dir='ltr'>quod</span> <span class='ocrx_word' id='word_1_227' title='bbox 388 4039 472 4093; x_wconf 86' lang='lat' dir='ltr'>quum</span> <span class='ocrx_word' id='word_1_228' title='bbox 487 4018 519 4071; x_wconf 88' lang='lat' dir='ltr'>ab</span> <span class='ocrx_word' id='word_1_229' title='bbox 531 4036 586 4070; x_wconf 88' lang='lat' dir='ltr'>uno</span> <span class='ocrx_word' id='word_1_230' title='bbox 596 4015 688 4070; x_wconf 88' lang='lat' dir='ltr'>codice</span> <span class='ocrx_word' id='word_1_231' title='bbox 700 4018 732 4070; x_wconf 88' lang='lat' dir='ltr'>P.</span> <span class='ocrx_word' id='word_1_232' title='bbox 776 4018 827 4070; x_wconf 87' lang='lat' dir='ltr'>sub</span> <span class='ocrx_word' id='word_1_233' title='bbox 839 4030 911 4071; x_wconf 89' lang='lat' dir='ltr'>certo</span> <span class='ocrx_word' id='word_1_234' title='bbox 925 4031 1031 4073; x_wconf 89' lang='lat' dir='ltr'>auctore</span> <span class='ocrx_word' id='word_1_235' title='bbox 1044 4018 1229 4075; x_wconf 60' lang='lat' dir='ltr'>detulissent*</span> 
     </span>
    </p>
   </div>
   <div class='ocr_carea' id='block_1_13' title="bbox 0 0 1344 4808">
    <p class='ocr_par' dir='ltr' id='par_1_13' title="bbox 0 0 1344 4808">
     <span class='ocr_line' id='line_1_32' title="bbox 0 0 1344 4808; baseline 0 0"><span class='ocrx_word' id='word_1_236' title='bbox 0 0 1344 4808; x_wconf 95' lang='lat' dir='ltr'> </span> 
     </span>
    </p>
   </div>
  </div>
 </body>
</html>
