2678 4808
196 397 290 464 CAP.
317 395 388 479 III,
414 395 476 461 DE
504 394 653 461 VAFRE
680 394 800 462 DICT.
830 395 921 461 AUT
947 397 1070 462 FACT.
1130 422 1169 464 oi

113 529 261 623 ipsorum
282 526 597 595 demonstrationem
620 524 727 593 dicta¹
753 527 931 614 sententia3
951 528 1104 622 improbo
1128 543 1177 596 ta-

112 658 189 702 men
208 635 448 728 praestigiorum
470 655 590 726 genere
608 656 733 700 novum
754 632 880 700 civitati
897 647 1018 702 nostrae
1036 634 1177 728 vectigal

113 743 259 811 accessit.
279 738 442 808 Eumdem
461 738 592 823 ferunt,
614 762 715 831 quum
738 762 758 805 a
776 763 854 832 rege
875 739 1059 827 Antiocho,
1078 764 1177 835 quem

112 846 199 915 bello
224 859 455 941 superaverat,
475 868 516 913 ex
537 844 691 913 foedere
682 859 748 912 icto
772 844 941 912 dimidiam
964 861 1093 939 partem
1115 870 1176 914 na-

112 954 202 1020 vium
230 954 379 1046 accipere
404 951 555 1037 deberet,
577 950 702 1019 medias
725 973 840 1018 omnes
861 953 1022 1040 secuisse,
1043 967 1081 1020 ut
1100 976 1176 1021 eum

111 1073 182 1127 tota
204 1058 307 1127 classe
323 1061 477 1152 privaret

167 1161 201 1234 5.
222 1168 297 1233 Jam
316 1167 363 1232 Μ.
383 1165 528 1232 Antonio
547 1162 781 1231 remittendum
798 1161 1003 1232 convicium²
1026 1179 1076 1232 cst
1095 1190 1102 1231 :
1121 1167 1178 1258 qui

110 1271 240 1340 idcirco
250 1294 288 1338 se
300 1271 408 1338 aiebat
422 1271 553 1339 nullum
566 1274 755 1337 orationem
770 1275 961 1364 scripsisse,
981 1287 1029 1356 ut,
1045 1277 1079 1338 si
1094 1272 1181 1364 qnid

110 1376 424 1472 superiorejudmo
440 1391 554 1444 actum
563 1381 636 1461 ,'ez,
654 1398 753 1469 quem
764 1392 894 1471 postea
912 1377 1116 1469 descensurus
1125 1402 1176 1445 es

111 1499 178 1569 set,
204 1482 544 1611 nocuwumsoret,
541 1505 609 1549 non
623 1482 749 1550 dictum
768 1506 793 1551 a
806 1508 844 1551 se
858 1484 1040 1578 affirmare
1043 1500 1174 1578 posset

112 1591 180 1677 Qui
193 1587 272 1657 sacti
293 1591 348 1656 vix
368 1572 557 1725 pudentis³‚
575 1587 784 1656 tolerabilem
801 1613 934 1659 causam
951 1590 1094 1657 babuit:
1114 1614 1177 1684 pro

111 1681 392 1788 periclitantium⁴
416 1696 504 1762 enim
529 1695 656 1786 capite,
677 1719 745 1761 non
770 1693 876 1763 solum
907 1694 1094 1789 eloquentia
1117 1718 1177 1765 sua

111 1803 178 1887 uti,
200 1800 378 1869 sedetiam
400 1799 600 1868 verecundia
613 1800 705 1869 abuti
726 1814 797 1868 erat
811 1816 955 1895 paratus.
1175 1798 1181 1816 “

165 1906 201 1976 6.
223 1908 386 1976 Sertorius
406 1930 504 1992 vero,
520 1908 669 1999 corporis
691 1907 810 1975 robore
832 1922 931 2000 atque
953 1910 1053 1976 animi
1070 1912 1177 1979 consi·

111 2012 156 2080 lio
184 2037 300 2106 parem
320 2027 446 2081 natura
466 2010 702 2105 indulgentiam
723 2028 878 2107 expertus
889 2000 912 2096 ⁵,
936 2017 1177 2109 proscriptione

111 2118 246 2187 Sullana
261 2119 328 2187 dux
342 2121 577 2187 Lusitanorum
591 2118 663 2186 fieri
676 2134 829 2206 coactus,
840 2145 943 2214 quum
957 2144 1014 2190 eos
1028 2124 1177 2191 oratione

112 2224 247 2295 flectere
261 2251 329 2293 non
345 2239 470 2319 posset,
489 2249 531 2292 ne
551 2249 628 2293 cum
647 2227 807 2294 Romanis
827 2228 983 2296 universa
1002 2229 1073 2296 acie
1093 2250 1177 2298 con-

112 2331 228 2426 fligere
253 2330 395 2416 vellent,
417 2331 512 2400 vafro
537 2330 675 2400 consilio
700 2331 742 2401 ad
767 2357 860 2402 suam
881 2335 1077 2402 sententiam
1104 2358 1176 2428 per·

22 2437 26 2445 ’
113 2437 234 2506 duxit:
254 2437 337 2507 duos
359 2440 446 2505 enim
469 2439 503 2506 in
527 2451 707 2531 conspectu
727 2463 843 2506 eorum
866 2441 1036 2508 constituit
1057 2465 1176 2534 equos,

111 2543 254 2613 alterum
269 2543 523 2629 validissimum,
545 2543 685 2612 alterum
707 2544 982 2632 infirmissimum3
974 2570 1041 2614 ·ac
1058 2546 1178 2616 deinde

113 2649 214 2718 validi
235 2650 375 2719 caudam
397 2650 439 2718 ab
460 2649 625 2719 imbecillo
647 2675 723 2718 sene
742 2649 901 2780 paulatim
923 2653 1034 2746 carpi,
1055 2653 1177 2723 infirmi

114 2757 278 2849 ajuvene
308 2757 500 2824 eximiarum
528 2758 648 2824 virium
673 2759 861 2824 universam
869 2743 1082 2884 ⁶convelli'
1071 2763 1176 2852 jussit.

156 2965 181 3000 1.
203 2948 286 3000 Dicta.
304 2949 371 3020 Cop.
387 2944 462 3001 Leid.
476 2947 555 3018 prim.
571 2948 620 3000 ba·
664 2946 738 3001 desse
758 2949 899 3000 honestum
921 2944 1007 3001 videri
1028 2964 1178 3021 posset.—

113 3029 177 3079 bent
188 3027 256 3079 data.
267 3026 338 3080 Suet.
351 3027 444 3080 Claud.
456 3047 479 3080 c.
495 3027 621 3094 15,facil·
665 3028 722 3080 Est.
731 3023 795 3079 Vid.
810 3027 866 3080 Cic.
880 3021 930 3099 pio
947 3028 1050 3081 Cluent.

115 3106 263 3160 timedatur.
276 3106 382 3172 Livius,
396 3108 446 3172 IV,
463 3127 496 3176 9,
508 3108 621 3177 dantjru.
708 3106 733 3160 3.
753 3107 877 3160 Pudentis.
901 3106 933 3160 ld
949 3120 1003 3172 est,
1019 3106 1179 3178 verecundi,

115 3185 214 3258 Supra,
227 3188 270 3250 II,
288 3184 323 3250 8,
340 3205 372 3251 a,
384 3187 509 3238 secundum
523 3200 545 3238 te
559 3188 623 3238 litem
666 3187 733 3240 sicut
745 3186 885 3242 Terentius
898 3206 1005 3260 quoque
1018 3188 1146 3282 loquitur.

115 3265 206 3319 do.-
166 3269 405 3336 -Praestigiorum
416 3266 581 3336 Proesu'gium,
594 3279 625 3319 ut
708 3268 941 3331 d.Periclitantium.
953 3268 1007 3335 Qui
1017 3283 1109 3341 capitis
1120 3289 1181 3324 cau

116 3346 238 3398 Vorstius
260 3346 419 3416 eglossario
440 3347 564 3418 apponit,
586 3359 626 3398 est
667 3366 722 3400 sam
732 3347 869 3401 dicebant:
876 3348 1180 3421 hincetiamjudiciaca·

115 3438 276 3484 monstrum,
285 3420 624 3496 apraestringendo,idest,
667 3426 758 3499 pitalia
767 3426 906 3481 dictasunt
915 3431 1009 3498 pericu!
1008 3450 1031 3483 a
1034 3429 1098 3482 Vid.
1107 3448 1179 3503 supr.

116 3503 275 3558 ssludendo
267 3505 410 3576 improvise
423 3506 520 3558 oculos.
711 3507 735 3559 5.
751 3508 881 3576 Expertae.
893 3510 944 3560 An.
959 3508 993 3562 U
1007 3508 1073 3581 675.
1087 3510 1179 3564 Front.

157 3605 181 3637 ι.
157 3585 354 3637 oConvicium.
376 3583 530 3637 Perizonius
551 3584 627 3638 malit
669 3584 1181 3658 Strateg.1‚10;Plut.inv1t.-Pro·

117 3676 275 3717 commentum.
291 3664 408 3717 Frustra.
428 3663 495 3715 Vult
515 3678 626 3730 auctor,
669 3670 801 3736 scriptione.
826 3666 919 3720 Cinnae
939 3667 1010 3721 enim
1025 3683 1112 3739 partes
1127 3681 1183 3724 erat

116 3742 261 3796 condonari
280 3742 378 3797 debere
395 3744 512 3795 Antonio
530 3744 627 3796 factum
670 3759 802 3816 sequutus.
822 3778 862 3789 -·-
875 3746 999 3802 Romanis.
1018 3746 1093 3821 Pigb.
1108 3746 1183 3803 dedit

116 3823 231 3885 vastum,
240 3842 358 3876 neceum
367 3821 428 3875 ideo
437 3823 558 3876 convicio
567 3842 628 3894 pro·
670 3827 840 3878 Romanorum.
857 3824 956 3880 Praeter
970 3847 1035 3881 rem.

117 3902 306 3967 scindendum,
317 3904 378 3976 quia
391 3902 420 3955 id
433 3904 509 3967 lecit,
523 3916 553 3954 ut
566 3902 628 3955 sub·
712 3908 738 3958 6.
757 3906 902 3961 Universum.
920 3908 1057 3981 Universum
1073 3912 1184 3981 opponi·

117 3985 218 4036 veniret
240 3982 316 4035 saluti
345 4002 452 4035 reorum
475 3983 628 4054 periclitan-
671 3983 1185 4060 turdiscretisetseparatis3hincpaul0

118 4063 197 4129 tium,
209 4063 306 4134 quibus
316 4063 395 4117 etiam
406 4062 458 4115 boc
471 4061 552 4114 modo
565 4081 628 4133 pro·
672 4076 732 4116 ante
748 4083 754 4116 :
769 4064 870 4118 caudam
880 4068 1011 4137 pardalin,
1028 4066 1056 4119 id
1069 4081 1122 4127 est,
1138 4087 1186 4139 per

984 4160 1025 4242 23
