2678 4808
322 363 898 446 CAP.V,1)EREPULSIS.
1095 365 1143 462 39

75 495 136 562 sibi
158 494 200 561 ab
221 519 261 561 eo
283 493 518 587 exprobratam
535 494 738 587 judicantes,
762 497 844 562 iram
871 519 965 563 suam
988 497 1145 587 adversus

74 598 348 669 contumeliosam
369 599 439 692 ejus
459 600 680 669 urbanitatem
699 600 959 670 destrinxerunt:
978 604 1079 698 igitur
1099 607 1144 673 ci·

58 709 161 774 ‘vitas
183 720 296 775 nostra
317 705 476 775 nobilium
494 707 654 799 juvenum
679 709 810 801 ingenia
831 708 873 775 ab
894 708 1069 778 insolentia
1090 734 1146 778 re-

74 812 245 899 vocando,
259 837 398 907 magnos
413 827 447 880 et
465 810 561 882 utiles
576 815 664 882 cives
682 813 761 882 fecit
773 839 783 900 ;
796 813 1063 908 honoribusque,
1077 841 1145 885 non

74 919 232 1012 patiendo
251 944 307 988 eos
321 943 341 987 a
357 917 498 988 securis¹
519 920 606 1013 peti,
625 920 773 988 debitum
792 923 996 990 auctoritatis
1015 923 1146 1016 pondus

74 1025 204 1118 adjecit.

132 1143 167 1213 3.
194 1142 314 1213 Nullus
335 1168 429 1212 error
449 1143 521 1213 talis
542 1146 575 1211 in
597 1148 635 1214 L.
658 1145 791 1214 AEmilio
813 1145 929 1214 Paullo
950 1160 1148 1240 conspectus

75 1265 146 1333 est,
160 1250 217 1318 sed
232 1264 344 1319 tamen
357 1240 532 1343 aliquoties
545 1250 667 1319 frustra
683 1251 891 1321 consulatum
906 1254 999 1348 petiit
1011 1250 1037 1338 ²3
1050 1252 1149 1321 idem·

75 1381 161 1450 que,
176 1381 279 1450 quum
293 1356 362 1450 jam
379 1380 536 1450 campum
553 1355 693 1451 repulsis
709 1359 776 1426 suis
794 1359 978 1452 fatigasset,
993 1359 1044 1427 bis
1063 1384 1147 1427 con-

76 1462 129 1532 sul
144 1477 178 1531 et
190 1486 309 1532 censor
322 1462 444 1548 factus,
464 1462 701 1558 amplissimum
720 1463 890 1558 dignitatis
906 1464 1045 1558 gradum
1064 1466 1149 1534 obti-

76 1571 170 1637 nuit:
184 1569 279 1662 cujus
295 1571 451 1637 virtutem
465 1570 593 1663 injuriae
606 1594 675 1639 non
693 1569 882 1665 fregerunt,
896 1571 954 1640 scd
969 1587 1150 1662 acuerunt,

77 1677 237 1770 quoniam
253 1675 386 1768 quidem
402 1678 473 1770 ipsa
486 1690 566 1743 nota
581 1701 755 1745 accensam
774 1663 1011 1772 cupiditatem³
1029 1680 1150 1747 summi

77 1781 216 1850 honoris
245 1781 469 1851 ardentiorem
500 1782 541 1851 ad
571 1785 705 1852 comitia
734 1781 872 1870 detulit,
898 1798 936 1851 ut
965 1782 1151 1879 populum,

77 1913 178 1982 quem
197 1887 376 1957 nobilitatis
393 1887 568 1983 splendore
582 1905 616 1958 et
632 1891 732 1959 animi
747 1891 843 1960 bonis
857 1915 993 1960 movere
1006 1915 1076 1960 non
1090 1915 1148 1986 po·

78 2008 207 2082 tuerat,
221 1995 402 2088 pertinacia
423 1997 580 2065 vinceret.
975 1991 978 2000 ⁸

133 2117 157 2198 4
182 2115 225 2202 Q.
243 2127 355 2182 autem
369 2113 540 2184 Caecilium
556 2103 749 2185 ΜεῐθΙΙυιη4
761 2119 858 2210 pauci
871 2131 905 2184 et
916 2117 1024 2186 moesti
1036 2116 1151 2192 amici,

78 2218 272 2289 consulatus
293 2220 425 2315 repulsa
445 2221 624 2306 afflictum,
641 2223 772 2291 tristitia
789 2248 828 2291 ac
849 2222 970 2292 rubore
991 2221 1149 2317 plenum,

78 2324 218 2395 domum
232 2325 437 2397 reduxerunt
453 2354 460 2396 :
478 2328 630 2398 eumdem
652 2329 693 2398 de
714 2314 1018 2425 Pseudophilippo⁵
1034 2329 1152 2397 trium·

78 2432 240 2526 phantom
261 2435 435 2504 universus
455 2450 588 2505 senatus
610 2435 719 2504 laetum
741 2449 776 2504 et
797 2434 939 2505 alacrem
960 2438 994 2503 in
1016 2435 1151 2530 Capito·

79 2539 161 2607 lium
184 2555 406 2634 prosequutus
429 2556 486 2610 est.
508 2542 644 2611 Achaici
665 2543 762 2610 etiam
791 2540 891 2625 belli,
911 2544 964 2611 cui
991 2566 1153 2611 summam

80 2753 110 2804 iu
128 2752 247 2811 urbanas,
265 2751 426 2814 suburbanas,
444 2771 503 2824 qun
522 2766 597 2806 eram
641 2752 728 2808 Color.
741 2753 866 2805 etVorst.
882 2750 1026 2805 edidissent
1041 2771 1153 2804 accensus

80 2831 321 2892 libertinorum‚et
336 2836 451 2894 rusticas,
467 2833 596 2904 ingenuo·
640 2833 801 2902 cupiditatem.

82 2931 143 2964 rum
155 2928 219 2964 rure
231 2907 393 2981 degentium.
681 2919 708 2976 4.
729 2911 862 2962 Metellum.
879 2911 931 2963 An.
951 2911 987 2963 U.
1008 2912 1061 2964 608
1083 2923 1110 2963 et
1124 2931 1152 2978 9.

125 3012 150 3045 1.
171 2991 275 3044 Securis.
289 2989 323 3043 Id
342 2992 456 3062 est‚qui
475 2991 542 3044 certi
556 3011 597 3044 es·
641 2992 732 3043 Aurel.
751 2991 824 3042 vict.
847 2990 919 3041 LXI.
948 2992 999 3041 An.
1026 2989 1060 3041 U.
1085 2992 1153 3060 607.

83 3083 154 3136 sent,
168 3091 194 3124 se
207 3081 332 3123 votorum
345 3084 481 3143 compotes
493 3073 597 3125 futuros
641 3074 711 3142 App.
736 3069 828 3122 Punic.
856 3069 908 3120 An.
929 3069 965 3121 U.
993 3073 1058 3121 606.
1082 3070 1152 3122 Just.

84 3171 146 3205 esse.
166 3147 282 3216 Quidam
295 3150 437 3204 ediderunt
457 3170 474 3202 a
493 3155 595 3214 sciuris,
640 3151 771 3216 XXXIV,
784 3149 978 3220 a.—Repulsa.
986 3149 1091 3202 Invisus
1099 3149 1155 3221 ple·

85 3231 157 3302 quod
170 3232 286 3284 alienum
299 3243 354 3298 est,
362 3251 449 3303 neque
461 3250 522 3284 cum
533 3251 599 3304 praa·
640 3231 667 3283 bi
677 3232 713 3283 ob
722 3229 833 3283 nimiam
843 3229 1025 3293 severitatem,
1033 3227 1099 3282 duas
1110 3240 1154 3280 tu·

84 3311 238 3365 cedentibus
250 3311 406 3364 clarissimam
417 3313 599 3365 lumcnconve·
640 3311 672 3363 lit
687 3311 813 3381 repulsas.
828 3342 868 3350 —
883 3309 1021 3380 Afflicmm.
1044 3309 1154 3381 Pighius

84 3393 142 3447 nire
152 3389 269 3444 videtur.
642 3393 724 3444 trium
736 3388 814 3445 codd.
828 3389 951 3442 vitiosam
963 3388 1104 3442 lectionem
1118 3391 1157 3456 af-

125 3485 151 3526 2'.
165 3473 251 3523 Periit.
261 3471 340 3524 Teste
351 3471 461 3524 Aurelio
473 3472 597 3536 Victore,
634 3473 726 3540 flatum
738 3469 927 3541 recepit,quin
935 3468 1094 3523 immohanc
1102 3469 1156 3522 ele·

85 3553 130 3624 qui
153 3559 270 3605 namet:
296 3576 308 3598 ι
324 3551 413 3621 primo
437 3552 599 3615 consulatu,
642 3562 748 3622 gantem
758 3568 814 3602 esse
823 3547 951 3620 loquendi
959 3549 1102 3602 formulam
1114 3550 1156 3602 'ar-

84 3650 164 3703 quem
177 3645 235 3701 post
251 3642 298 3682 tres
308 3623 513 3701 repulsas(anno
525 3631 599 3684 urbis
642 3629 765 3683 bitratur.
784 3628 837 3683 Sed
857 3631 957 3700 afflatus
973 3630 1067 3700 repulsa
1081 3629 1157 3683 nullo

15 3749 19 3759 ›
86 3713 159 3782 567,
180 3715 232 3779 68,
251 3706 310 3779 69)
333 3709 443 3783 adeptus
471 3722 542 3771 erat,
565 3708 599 3762 de
642 3708 723 3762 modo
731 3708 1159 3763 latinedioirecteaffirmantTor·
1238 3736 1240 3741 ·

83 3792 225 3862 liguribus
238 3791 422 3860 triumphavit.
437 3816 448 3837 ι
460 3789 525 3843 Vid.
538 3791 598 3843 Liv.
643 3809 700 3843 ren.
716 3802 743 3842 et
756 3789 886 3861 Kappins.

10 3932 13 3943 Ι
84 3872 206 3925 XXXIX
219 3886 246 3924 et
261 3872 360 3923 XLIV.
686 3869 713 3923 5.
730 3869 940 3940 Pseudophiliopo.
957 3871 1059 3929 Verum
1072 3871 1096 3922 ei
1108 3888 1158 3922 no·

126 3953 151 4004 3.
174 3951 308 4004 Accenscm
324 3951 485 4020 cupiditatem.
506 3950 548 4002 Sic
568 3969 599 4002 ex
645 3969 705 4002 men
719 3948 771 4001 suit
783 3948 931 4003 Andrisco:
945 3949 992 4020 qui
1004 3944 1110 4010 Persei(
1114 3951 1158 4019 ju·

85 4030 515 4098 codd.T0rren.restituit‚quum
523 4031 598 4100 Pigb.
645 4029 886 4101 xtaaliostilippi
895 4028 1081 4082 exconcubina
1090 4024 1160 4092 nati)

920 4124 965 4203 34
