2678 4808
308 358 415 425 CAP.
443 359 517 444 Vl,
544 360 613 425 DE
639 359 1010 428 NECESSITATE.
1145 367 1188 447 [μ

129 515 202 577 rus,
216 513 316 582 quam
335 503 495 583 praetexto
510 489 580 581 ejus
594 489 777 585 splendoris
795 492 865 585 ipse
883 490 1026 579 laturus,
1040 498 1197 588 consequi

127 593 218 664 illam
240 620 260 662 a
281 594 405 689 populo
427 594 603 689 aliquando
623 621 691 665 non
709 598 825 691 potuit.
851 599 1004 666 Proxima
1023 598 1198 670 dementiae

128 700 308 796 suffragia:
329 726 401 795 quae
420 703 498 771 satis
514 701 647 796 quidem
667 727 783 796 graves
801 728 916 797 poenas
934 705 1055 773 erroris
1074 707 1123 774 sui
1139 731 1196 800 pe·

127 807 336 900 penderunt3
351 810 525 901 quoniam,
549 834 646 902 quem
663 808 826 878 honorem
838 812 958 878 Catoni
978 826 1199 904 negaverant,

127 915 265 982 Vatinio
284 913 363 983 dare
381 915 489 984 coacti
501 929 595 983 sunt:
612 939 692 1009 ergo
710 917 737 984 si
751 941 830 985 vere
847 917 1009 984 aestimare
1024 916 1201 1007 volumus,

128 1044 196 1089 non
214 1022 335 1089 Catoni
353 1035 433 1089 tunc
454 1034 614 1115 praetura,
632 1021 689 1090 sed
708 1037 859 1116 praeturae
873 1024 959 1091 Cato
977 1037 1117 1117 negatus
1137 1038 1196 1094 est.

476 1295 709 1384 CAPUT
754 1275 864 1383 vi„

410 1512 471 1575 'De
486 1513 665 1576 necessitate
678 1511 904 1576 Romanorum.

133 1683 153 1713 ι.
170 1667 256 1728 Populi
272 1666 361 1713 romani
378 1674 432 1729 post
448 1668 538 1714 cladem
556 1684 701 1714 cumensem.
716 1695 748 1703 —
772 1683 794 1715 u.
811 1669 963 1715 cicilianum
981 1670 1006 1714 iu
1021 1669 1153 1716 obsidione.
1168 1696 1195 1705 -

160 1745 182 1793 3.
195 1748 389 1793 Praenestinorum
399 1747 501 1792 militum
516 1747 541 1792 iu
557 1747 638 1793 eudem
653 1747 783 1794 obsidione.
795 1774 826 1783 -
838 1755 860 1802 4.
873 1748 959 1809 Populi
969 1749 1061 1794 romani
1074 1749 1137 1795 bello
1149 1750 1201 1796 Mu·

159 1826 233 1872 riano.
246 1853 276 1861 -
292 1826 314 1874 5.
327 1827 354 1872 C.
365 1826 461 1872 Caesaris
472 1827 502 1871 ud
513 1827 633 1872 Mundum.
645 1853 677 1861 --
687 1827 711 1872 6.
724 1827 809 1887 Populi
822 1827 910 1872 asiatici
920 1827 985 1872 bello
998 1828 1111 1888 parthico.

413 1988 461 2051 De
478 1989 655 2050 necessitate
671 1987 899 2052 Externomm.

135 2161 154 2192 1.
167 2145 312 2193 Cretensium
322 2161 336 2191 a
347 2147 378 2203 Q.
390 2145 487 2191 Metello
498 2144 653 2191 obsessorum.
668 2170 698 2179 —
711 2159 733 2190 2.
750 2143 947 2190 Numantinorum
964 2160 978 2190 a
995 2148 1018 2191 P.
1036 2145 1152 2206 Scipione.
1168 2173 1198 2180 -

161 2225 182 2272 3.
194 2224 423 2288 Calagurritanorum
434 2238 448 2268 a
459 2224 502 2270 Cu.
514 2222 635 2284 Pompeio.

307 2426 362 2479 nn
387 2398 688 2479 sucessimus
713 2424 1007 2479 noninonuiu.

146 2602 152 2621 ⁸
181 2611 420 2680 Abominandae
438 2634 569 2705 quoque
583 2608 801 2678 necessitatis¹
817 2612 1026 2680 amarissimae
1043 2610 1148 2706 leges,
1164 2628 1197 2681 et

133 2718 406 2788 truculentissima
420 2719 577 2811 imperia,
599 2730 668 2783 tum
689 2717 806 2784 urbem
825 2731 989 2804 nostram,
1009 2732 1080 2786 tum
1097 2716 1206 2787 etiam*

133 2841 258 2896 exteras
287 2839 401 2918 gentes
424 2823 529 2891 multa
556 2847 624 2890 non
648 2821 816 2892 intellectu
841 2836 994 2910 tantum,
1017 2825 1074 2892 sed
1098 2828 1195 2893 etiam

132 2931 245 3001 auditu
263 2933 392 3024 gravia,
407 2929 534 3023 perpeti
551 2942 739 3021 coegerunt.

127 3064 134 3078 ⁸
188 3063 218 3106 1.
240 3040 327 3107 Nam
347 3035 472 3130 aliquot
491 3035 635 3104 adversis
656 3033 776 3128 praeliis
799 3033 944 3102 secundo
965 3035 1088 3128 punico
1109 3035 1197 3105 bello

132 3145 289 3212 exhausta
312 3142 444 3212 militari
466 3143 640 3234 juventute
660 3143 818 3226 romana,
841 3155 973 3209 senatus
994 3155 1129 3209 auctore
1146 3144 1195 3211 Ti.

133 3250 288 3320 Graccho
307 3247 458 3319 consule²
474 3251 617 3336 censuit,
633 3254 685 3317 uti
690 3247 831 3343 publice
842 3253 931 3316 servi
943 3248 1104 3316 adversus
1111 3274 1197 3344 pro·

134 3453 158 3505 in
174 3456 230 3524 ejus
245 3453 293 3507 vit.
303 3484 344 3494 -
352 3453 484 3503 Proetexto.
492 3453 641 3503 Proetextum
685 3449 753 3502 senti
765 3447 854 3501 auimo
868 3467 900 3501 ex
912 3448 976 3520 ipsis
989 3449 1065 3502 mulis
1076 3450 1197 3520 quedam

92 3572 96 3579 .
134 3546 252 3603 praeturae
266 3544 305 3584 est
315 3544 438 3596 ornatus,
446 3550 500 3603 quo
511 3541 537 3583 et
544 3543 643 3602 praetor
685 3527 801 3581 remedia
808 3529 920 3600 reperit,
933 3547 962 3581 uc
969 3528 1115 3600 prudenter
1125 3530 1198 3584 diffi-

135 3614 262 3666 utebatur.
279 3610 345 3664 vid.
364 3631 458 3683 supra,
476 3611 517 3674 Π,
538 3628 588 3675 10,
611 3628 641 3675 13
685 3609 826 3661 cultatihus
836 3621 862 3660 et
875 3607 1071 3661 discriminibus
1080 3630 1107 3663 se
1119 3630 1198 3683 expe·

135 3693 199 3751 vll,
214 3713 242 3756 1,
258 3709 285 3756 1,
295 3704 321 3744 et
333 3691 364 3757 3,
379 3692 404 3745 8.
418 3693 458 3744 De
467 3689 577 3742 Vatinio
586 3687 641 3743 vid.
687 3687 773 3753 dit‚ne
787 3707 847 3740 cum
858 3706 904 3759 spe
916 3699 943 3740 et
953 3689 1063 3741 salutem
1074 3689 1177 3760 perdat.

136 3763 214 3843 supra*
221 3772 273 3836 IV,
289 3791 320 3828 π,
338 3777 365 3834 4.
729 3789 755 3820 2.
771 3766 880 3819 Consule.
895 3767 971 3838 Pigh.
986 3787 1017 3821 ex
1027 3768 1119 3840 Camp.
1134 3771 1199 3840 legit

175 3871 198 3904 1.
211 3852 375 3905 Necessitatis.
388 3852 483 3903 Beatus
491 3851 535 3903 ille
545 3849 591 3920 qui
601 3868 644 3901 ur·
688 3849 781 3900 consule
789 3847 923 3917 designato.
932 3880 973 3890 -
984 3847 1091 3902 Censuit.
1101 3851 1152 3903 An.
1161 3851 1196 3901 U.

137 3929 644 4001 gentenecessitateduraquesortepres·
691 3927 757 3999 537.
776 3927 835 3979 Liv.
855 3927 951 3993 XXII,
976 3927 1026 3998 573
1046 3929 1199 3982 Macrobius

137 4029 176 4064 sus
189 4011 304 4064 animum
317 4031 372 4063 non
393 4010 496 4080 abjicit,
514 4009 560 4063 sed
575 4028 643 4080 prie-
688 4008 740 4060 Sat.
755 4009 782 4073 1;
798 4007 904 4060 servius
920 4006 955 4061 ad
968 4007 1044 4076 Virg.
1064 4012 1123 4060 AEn.
1143 4009 1198 4072 IX,
