2678 4808
176 368 179 375 “
217 387 276 474 aa
318 419 322 426 -
422 388 645 455 vinnan
673 388 881 454 maxum
918 389 1011 456 ure.
1041 390 1132 458 vri.

224 519 445 596 recordationi
471 519 663 590 subnectam
674 517 696 606 ¹,
717 543 820 612 quum
846 517 1013 591 effiasurus
1040 523 1134 589 sein
1162 537 1290 593 nostras

222 627 411 720 provincias
429 624 628 695 Parthorum
650 651 709 695 rex
728 624 886 694 Phraates
906 625 1095 715 videretur,
1110 629 1291 723 vicinaque

221 734 363 826 imperio
385 732 455 824 ejus
480 732 631 824 regiones
656 731 765 800 subita
788 731 902 801 indicti
931 732 1091 802 tumultus
1113 733 1290 805 denuntia-

220 840 312 907 tione
324 850 556 931 quaterentur:
569 852 660 907 tanta
671 839 706 906 in
714 837 932 932 Bosphorano
943 836 953 862 ²
967 853 1076 909 tractu
1087 856 1291 911 commeatus

221 946 359 1039 penuria
371 945 567 1032 incessit,ut
579 969 637 1013 sex
651 942 794 1014 millibus
813 943 954 1014 denariis
971 945 1099 1040 singula
1112 970 1191 1017 vasa
1209 947 1289 1035 olei,

219 1049 442 1144 frumentique
461 1049 578 1123 modiis
594 1050 733 1119 totidem
748 1051 914 1146 mancipia
931 1045 1209 1146 permutarentur.
1226 1054 1290 1123 Sed

220 1158 457 1234 amarissimam
472 1171 701 1251 tempestatem
718 1158 860 1252 Augusti
876 1142 987 1242 eura³‚
999 1157 1110 1228 tutelae
1124 1174 1206 1229 tunc
1224 1175 1289 1229 ter·

220 1285 331 1332 rarum
350 1287 490 1347 vacans,
510 1261 654 1357 dispulit.

393 1464 448 1521 DE
472 1461 771 1523 NECESSITATE
797 1461 1117 1517 EXTERNORUM.

247 1623 261 1628 ”
276 1648 304 1692 1.
320 1622 536 1694 Cretensibus
547 1619 630 1691 nihil
644 1620 709 1690 tale
721 1620 862 1716 praesidii
873 1611 1034 1690 affulsitl:
1049 1625 1106 1717 qui
1117 1624 1288 1695 obsidione

216 1729 345 1799 Metelli
362 1728 404 1798 ad
417 1728 567 1797 ultimam
587 1752 692 1822 usque
710 1729 882 1821 penruiam
898 1729 1075 1824 compulsi,
1087 1755 1146 1798 sua
1156 1731 1287 1824 jumen-

217 1851 394 1931 torumque
413 1860 550 1904 suorum
573 1836 669 1901 urina
687 1835 776 1902 sitim
794 1848 978 1922 torserunt,
993 1835 1113 1929 justius
1130 1837 1287 1927 dixerim,

217 1967 318 2036 quam
338 1954 584 2011 sustentarunt:
602 1941 679 2034 quia
692 1939 772 2007 dum
785 1942 873 2008 vinci
888 1942 1023 2029 timent,
1036 1942 1069 2010 id
1084 1946 1172 2036 passi
1188 1958 1286 2032 sunt,

216 2049 306 2142 quod
324 2073 381 2117 eos
403 2071 445 2116 ne
464 2048 572 2127 victor
590 2046 724 2140 quidem
742 2047 812 2141 pati
830 2048 1000 2140 coegisset.

272 2181 304 2223 2.
320 2154 518 2237 Numantini
531 2167 659 2241 autem,
670 2177 689 2220 a
700 2154 854 2247 Scipione
866 2150 954 2222 vallo
968 2167 1000 2221 et
1013 2179 1134 2248 aggere
1148 2157 1287 2226 circum·

208 2260 283 2353 ⁴dati
292 2246 316 2347 ⁵,
330 2284 433 2353 quum
454 2260 672 2352 omnia,quae
691 2259 811 2327 famem
833 2284 949 2328 eorum
967 2260 1099 2330 trahere
1113 2277 1286 2356 poterant,

260 2459 727 2529 r.Subnectam.An.U.circiter733.
772 2457 911 2531 Quidquid
935 2460 985 2527 sit,
1006 2460 1080 2513 locus
1101 2480 1163 2527 non¹
1177 2461 1287 2518 videtur

215 2538 281 2593 vid.
297 2540 404 2592 Sueton.
418 2539 447 2590 in
461 2540 528 2609 Aug.
755 2552 858 2592 'sanus

168 2651 171 2657 ⁷
258 2640 284 2673 2.
304 2620 469 2690 Bosphoranis.
487 2619 626 2689 Bosphorus
646 2619 689 2670 vel
713 2637 728 2670 a
790 2633 792 2638 '
813 2618 1286 2692 3.Augwticura.Augustus,quum

214 2698 325 2752 ferendo
338 2700 406 2752 bove
419 2697 521 2762 dietus,
534 2697 727 2750 velatransitu
770 2698 852 2750 fames
878 2700 989 2750 Romam
1014 2699 1093 2751 etiam
1111 2702 1284 2771 pervasisset,

215 2779 301 2852 bovis,
309 2779 392 2831 velab
402 2778 516 2848 angustis
525 2778 655 2829 meatibus
663 2777 727 2829 bovi
771 2796 862 2830 omnes
885 2778 1038 2850 peregrinos
1063 2791 1088 2831 et
1114 2780 1285 2835 servitiorum

214 2859 380 2930 fereperviis.
389 2857 462 2910 Alter
469 2858 607 2927 Bosphorus
614 2869 652 2908 est
662 2858 727 2908 atra·
769 2868 871 2927 partem
887 2858 954 2910 urbe
966 2858 1182 2931 ejecit‚exceptis
1198 2857 1285 2914 medi-

210 2943 274 2991 cicus
291 2937 553 3010 juxtaByzamtium3
566 2936 600 2988 de
617 2955 670 3007 quo
696 2937 723 2989 h.
769 2937 807 2989 cis
815 2950 841 2990 ct
851 2937 1067 3008 praeceptoribus.
1077 2939 1205 2992 Posthssc
1217 2953 1285 2993 tem-

213 3020 232 3071 l.
246 3038 332 3072 senno
345 3031 397 3083 est;
411 3018 476 3070 alter
491 3017 630 3069 Cmuuerius
642 3016 671 3068 in
683 3016 724 3068 in·
769 3019 924 3087 peravit,ut
935 3036 990 3070 non
1003 3017 1134 3071 minorem
1148 3031 1285 3074 aratorum

212 3099 295 3154 troitu
303 3096 408 3170 paludis
415 3096 555 3150 Maeotidis.
565 3129 605 3138 -
613 3095 663 3148 Sea
670 3097 725 3148 mil·
769 3108 796 3147 et
805 3097 1011 3166 negotiantium,
1022 3115 1101 3167 quam
1114 3100 1210 3170 populi
1220 3101 1284 3155 reli-

212 3179 281 3232 tibus.
296 3179 372 3248 Pigh.
387 3195 467 3247 quem
479 3189 607 3248 sequutus
618 3189 657 3228 est
672 3176 724 3229 Co·
768 3177 812 3246 qui
829 3177 959 3228 rationem
972 3174 1088 3230 duceret.

210 3259 281 3311 lorus
295 3256 397 3310 edidit:
410 3261 446 3308 uti
457 3277 471 3307 a
481 3256 610 3314 militibus,
622 3256 706 3324 singul
709 3259 714 3270 ’
810 3262 837 3318 4.
852 3255 967 3323 Assulsit.
981 3257 1031 3308 An.
1043 3258 1078 3310 U.
1091 3257 1158 3311 635.
1173 3258 1283 3325 Livius,

210 3339 265 3391 olei.
287 3337 387 3391 Contra
406 3337 547 3389 lectionem
569 3335 724 3406 Pighianam
766 3337 870 3399 XCIX;
885 3337 957 3388 Flor.
967 3337 1024 3388 111:
1040 3356 1066 3406 7.
1084 3336 1166 3402 Quod
1180 3338 1283 3391 Creten·

211 3431 303 3470 monet
317 3417 456 3482 Vorstius,
472 3418 493 3469 si
509 3416 611 3484 singulis
630 3434 723 3467 verum
767 3435 803 3466 ses
825 3415 976 3468 Mithridati
991 3417 1084 3469 favisse
1104 3415 1283 3487 viderentur,

210 3510 293 3562 esset,
312 3516 367 3548 uon
390 3497 464 3567 sequi
481 3495 603 3548 debuisse
627 3495 723 3546 totidem
766 3495 866 3566 placuit
886 3496 1011 3566 injuriam
1031 3497 1110 3549 armis
1137 3497 1285 3553 vindicare

211 3575 256 3628 sed
271 3578 375 3647 singula.
390 3577 597 3629 Torreniovero
610 3575 723 3627 militibus
765 3576 883 3628 Antonio
909 3589 998 3629 autem
1022 3577 1128 3646 fugato,
1156 3578 1283 3633 Metellus

185 3655 187 3660 ’
210 3676 265 3708 non
277 3658 378 3728 placet,
392 3655 465 3728 quod
481 3675 543 3708 cura
563 3654 723 3725 providendi
765 3654 861 3708 deinde
870 3669 953 3709 totam
965 3656 1077 3709 insulam
1086 3657 1147 3727 igne
1155 3658 1283 3730 ferroque

209 3739 398 3791 commeatibus
408 3735 441 3788 ad
452 3735 532 3788 duces
542 3736 631 3806 potius
642 3754 720 3806 quam
764 3738 921 3807 populatus,
936 3736 1034 3788 incolas
1048 3737 1118 3789 intra
1133 3738 1239 3792 castella
1255 3754 1283 3793 et

209 3817 243 3872 ad
253 3819 350 3870 milites
362 3816 520 3887 pertinuisse
532 3814 662 3867 videatur.
672 3816 721 3868 Pc-
764 3818 844 3868 urbes
859 3815 969 3885 redegit.
983 3819 1006 3866 Α
1023 3815 1126 3870 devicta
1139 3818 1219 3870 Creta
1235 3820 1282 3873 hic

207 3899 325 3950 rizonius
334 3911 360 3949 et
370 3898 458 3966 Kapp.
471 3895 604 3966 accipiunt
614 3915 656 3946 ses
667 3896 721 3946 mil·
764 3894 930 3949 Macedonici
939 3895 1009 3948 lilius
1020 3896 1127 3949 Creticus
1135 3895 1280 3953 dictusest.
1328 3905 1331 3928 ¹

208 3980 283 4039 libus,
301 3975 347 4030 sed
360 3994 410 4046 pro
424 3976 529 4026 datariis
539 3976 633 4028 malint
645 3976 720 4027 dana
807 3975 832 4027 5.
851 3976 1007 4028 Circumduti.
1018 3978 1069 4029 An.
1086 3978 1121 4029 U.
1140 3981 1206 4031 620.
1218 3980 1280 4032 Liv.

206 4062 280 4118 rium,
292 4055 364 4128 quod
373 4056 454 4107 habet
462 4055 544 4108 editio
553 4057 718 4108 Ascensiana.
764 4055 923 4121 L1x;F10r.
936 4057 977 4121 II,
992 4058 1035 4109 28.
