2678 4808
245 393 355 460 CAP.
384 394 456 479 VI,
484 394 552 462 DE
579 393 949 462 NECESSITATE.
1078 400 1126 492 47

62 526 357 619 consumpsissent,
374 523 417 593 ad
434 522 586 595 ultimum
601 526 824 594 humanorum
841 551 1022 621 corporum
1037 527 1129 623 dapi-

60 633 121 701 bus
143 633 195 701 usi
214 645 299 700 sunt.
318 632 534 725 Quapropter
553 646 651 727 capta
665 632 734 724 jam
752 632 854 720 urbe,
871 631 1059 727 complures
1079 637 1129 703 in-

60 740 150 807 venti
163 753 258 824 sunt,
274 752 366 806 artus
380 752 413 805 et
426 737 593 806 membra¹
608 738 849 807 trucidatorum
863 763 1043 833 corporum
1057 743 1129 811 sinu

61 870 120 912 suo
135 858 310 938 gestantes.
327 840 428 912 Nulla
439 859 488 912 est
499 845 533 912 in
548 844 599 912 his
614 846 816 913 necessitatis
831 849 999 915 excusatio
1009 845 1038 935 ²3
1052 872 1128 916 nam

60 951 180 1044 quibus
201 975 287 1017 mori
279 947 413 1035 licuit,
430 951 476 1018 sic
494 951 607 1019 vivere
628 975 761 1020 necesse
778 976 847 1019 non
867 951 938 1020 fuit.

115 1054 147 1125 3.
163 1060 292 1124 Horum
307 1071 435 1123 trucem
451 1058 665 1150 pertinaciam
682 1057 716 1124 in
732 1056 894 1126 consimili
909 1057 1055 1127 facinore
1065 1060 1130 1128 Ca-

62 1147 361 1256 lagurritanorum³
374 1161 606 1231 exsecrabilis
597 1165 750 1299 impietas
763 1188 974 1258 supergressa
989 1179 1059 1234 est:
1052 1168 1131 1259 qui

62 1293 127 1360 quo
144 1269 410 1364 perseverantius
423 1270 611 1363 interempti
615 1256 773 1337 ⁴Sertorii
792 1268 974 1358 cineribus,
988 1271 1131 1340 obsidio·

63 1399 138 1442 nem
150 1376 212 1444 Cn.
228 1375 377 1468 Pompeii
393 1373 611 1461 frustrantes,
624 1374 724 1444 fidem
741 1390 954 1471 praestarent,
965 1378 1043 1471 quia
1058 1376 1131 1446 nul·

64 1480 131 1549 lum
149 1481 219 1573 jam
242 1478 331 1548 aliud
353 1481 388 1548 in
408 1481 491 1549 urbe
517 1507 634 1549 eorum
657 1497 829 1576 supererat
849 1482 992 1571 animal,
1014 1509 1134 1553 uxores

64 1611 137 1655 suas
160 1599 321 1679 natosque
340 1585 382 1654 ad
401 1613 499 1656 usum
518 1587 651 1656 nefariae
670 1588 762 1682 dapis
784 1602 965 1658 verterunt.
988 1590 1132 1684 Quoque

65 1691 186 1761 diutius
202 1707 330 1760 armata
341 1693 500 1785 juventus
515 1695 644 1763 viscera
658 1718 717 1762 sua
735 1693 917 1763 visceribus
933 1697 1000 1764 suis
1016 1694 1135 1784 aleret,

65 1798 210 1868 infelices
220 1799 420 1868 cadaverum
429 1799 584 1930 reliquias
594 1786 705 1868 salire
714 1826 783 1869 non
792 1800 965 1870 dubitavit
974 1751 1135 1897 Enquani

65 1904 202 1999 aliquis
193 1931 228 1973 m
242 1907 313 1974 acie
329 1891 541 1975 hortaretur⁶
555 1921 593 1976 ut
608 1932 670 2003 pro
687 1905 792 1977 salute
812 1908 992 2002 conjugum
1006 1924 1039 1977 et
1053 1907 1134 1977 libe·

66 2037 178 2080 rorum
198 2011 329 2081 fortiter
348 2006 539 2082 dimicaret!
566 2015 617 2082 Ex
640 2014 760 2083 hoc
727 2014 884 2084 nimirum
905 2014 1019 2103 hoste,
1041 2029 1135 2084 tanto

68 2118 140 2187 duci
162 2143 262 2213 poena
284 2121 387 2214 magis
411 2145 510 2215 quam
533 2121 671 2189 victoria
692 2119 834 2214 petenda
852 2120 938 2189 fuit:
958 2070 1036 2216 quia
1060 2120 1135 2216 plus

12 2237 15 2241 ’
67 2224 253 2294 vindicatus
274 2224 451 2313 libertatis,
469 2251 569 2321 quarn
584 2228 692 2295 victus
711 2224 825 2321 gloriae
843 2226 982 2296 afferre⁷
1006 2229 1136 2323 potuit;

67 2357 167 2424 quum
180 2356 280 2400 omne
292 2347 483 2426 serpentum
495 2357 535 2402 ac
544 2331 689 2401 ferarum
701 2357 806 2426 genus
823 2334 1071 2428 comparatione
1085 2336 1136 2404 sui

107 2562 131 2595 1.
153 2542 234 2594 Artas
254 2553 279 2592 et
298 2541 408 2594 membra.
426 2541 478 2594 Vel
494 2542 579 2594 abun·
624 2543 1138 2612 eamjurentutem,quaeuxoresetlibe-

66 2620 155 2677 dantia
176 2635 233 2675 est:
256 2622 298 2674 vel
319 2633 386 2673 artas
407 2620 580 2692 intelligimus
623 2640 667 2673 roa
680 2623 1034 2686 mactaverat‚monerinon
1044 2643 1136 2694 posse,

67 2703 248 2759 membrorum
266 2701 484 2772 conjunctiones,
507 2699 580 2754 unde
623 2714 655 2754 ut
666 2720 716 2773 pro
737 2702 820 2755 salute
834 2705 981 2774 conjugum
999 2715 1025 2755 et
1037 2703 1137 2759 libero·

67 2781 183 2846 articuli3
196 2781 300 2835 membra
310 2799 375 2834 vero
388 2781 507 2853 corporis
519 2799 580 2851 par·
622 2799 683 2833 rum
705 2781 811 2833 fortiter
832 2782 861 2832 in
883 2783 938 2847 acie
957 2781 1073 2836 dimicet.
1096 2784 1137 2837 Ita

67 2874 159 2930 tes,ut
169 2873 233 2913 sunt
245 2860 365 2925 humeri,
376 2861 500 2924 brachia,
513 2872 563 2913 etc.
623 2859 732 2932 quidem
744 2860 883 2925 Vorstius,
895 2880 975 2931 quem
989 2863 1084 2914 merito
1100 2882 1138 2915 se·

107 2962 133 2994 2.
154 2941 311 2995 Necessitatlr
323 2945 452 2993 carcerario.
466 2940 579 3003 Seneca,
623 2952 722 3011 quutus
732 2953 771 2992 est
780 2940 941 3004 Torrenius,
953 2941 1081 3005 restituit,
1093 2941 1138 2994 ad·

65 3023 104 3074 IV
121 3020 240 3074 Declam.
257 3021 392 3074 Necessitas
409 3039 522 3089 magnum
535 3020 580 3071 luc·
623 3020 810 3090 stipulantibus
821 3017 980 3089 quibusdam
994 3019 1056 3074 edd.
1072 3034 1136 3074 vett.

66 3121 143 3155 m
157 3101 327 3153 brbecillr'tatis
337 3103 508 3170 patrocinium.
623 3112 650 3153 et
664 3098 838 3171 probantibus
856 3098 975 3152 Gronov.
990 3112 1016 3152 et
1028 3101 1136 3154 Perizo-

107 3183 133 3236 3.
146 3180 396 3251 Calagurritanorum
407 3181 458 3232 An.
466 3181 501 3232 U.
513 3181 579 3233 681.
623 3181 678 3232 nio.
695 3180 788 3232 Plures
807 3177 882 3231 MSS.
900 3181 944 3233 En
959 3199 1025 3251 quem
1039 3181 1134 3252 aliquis.

65 3260 137 3313 Elor.
148 3260 207 3326 ΠΙ,
218 3279 271 3326 ²23
284 3261 361 3313 Oros.
372 3261 407 3324 V,
422 3261 457 3314 23
466 3278 474 3325 ;
484 3261 580 3312 Juven.
624 3260 691 3312 Alii:
702 3261 744 3310 Er
756 3278 859 3330 unquam
867 3259 963 3332 aliquis.
973 3260 1049 3331 Pigh.
1061 3261 1137 3314 Eam·

64 3340 342 3411 XV,93.Calngurris
348 3341 412 3392 urbs
421 3354 461 3393 est
469 3340 579 3411 Hispan.
624 3359 653 3391 rie
668 3339 764 3411 aliquis.
779 3338 833 3390 Alii
847 3339 932 3392 aliter.

64 3421 211 3473 Tarracon.
221 3432 293 3472 nunc
303 3420 441 3472 Calaborra
451 3421 480 3472 in
489 3420 580 3472 Caatil.
666 3439 692 3490 7.
707 3420 817 3486 Afferra.
827 3417 859 3471 Id
869 3431 922 3484 est,
932 3420 1075 3492 Pompeius
1083 3421 1137 3475 uti-

106 3506 135 3564 4.
146 3501 295 3571 interempti.
308 3501 383 3553 Inter
393 3500 581 3570 epulasaPcr·
624 3518 676 3572 qne
690 3518 723 3552 ex
737 3511 793 3552 tam
807 3499 916 3551 lmmani
937 3500 1014 3553 hoste
1032 3520 1138 3572 poenarn

63 3599 168 3652 penna,
181 3580 270 3650 legato
281 3598 341 3632 suo.
530 3608 538 3621 x
623 3581 726 3651 potius,
741 3579 973 3650 quamrictoriam
985 3593 1077 3651 petere
1090 3581 1137 3634 de-

109 3660 136 3715 b.
157 3659 245 3714 Satira.
272 3661 384 3713 Colorus
406 3660 470 3729 legit
483 3660 579 3721 sallire,
624 3659 691 3712 buit.
703 3659 773 3711 Nam
781 3657 847 3710 dum
857 3660 961 3728 gravius
969 3661 998 3712 in
1009 3681 1070 3714 eum
1081 3663 1138 3714 ani·

63 3740 369 3812 partimexlibroDam,
375 3740 583 3810 pertimerprae·
624 3737 801 3791 madverteret
808 3757 939 3811 eumque
947 3742 1069 3812 puniret
1078 3743 1139 3812 plus

63 3819 584 3892 oeptoDiomediegrammaticivetustis·
625 3819 759 3872 consuluit
774 3819 908 3872 securitati
923 3821 1050 3889 publicae,
1059 3841 1138 3892 quam

62 3901 137 3954 simi.
625 3899 1137 3970 sigloricesuntantummodoinservire,

14 3990 22 4002 “
110 3985 136 4032 6.
155 3981 361 4034 Hortaretar.1n
378 3980 420 4032 his
437 3991 508 4051 patet
528 3998 583 4032 esse
626 3981 787 4051 hostemque
799 3980 899 4032 victum
915 3999 1071 4033 conservare
1085 3998 1141 4033 rna·

66 4060 191 4112 ironiam.
204 4061 238 4110 Et
252 4079 341 4111 sensns
353 4058 460 4129 quidem
473 4061 517 4112 hic
528 4073 581 4111 est:
628 4059 728 4112 luisset.
