2678 4808
224 360 269 429 32
403 359 628 426 vanarn
657 322 866 425 Maximi
894 360 990 426 nra.
1019 360 1106 428 vn.

106 538 108 541 -
221 501 414 570 mansurum
428 489 650 582 Fidenatium,
660 505 768 584 terga.
783 490 861 578 Quo
879 491 1097 585 imperatoriae
1111 493 1189 562 artis
1203 517 1288 563 con-

195 615 198 622 ’
222 598 293 668 silio
310 611 436 665 metum
456 595 575 664 fiducia
593 597 755 682 mutavit3
770 620 896 691 proque
914 597 1150 692 trepidatione,
1166 597 1288 670 alacri·

221 719 288 777 tate
309 727 446 772 suorum
467 715 602 796 pectora
623 701 772 796 replevit.

276 853 309 896 a.
327 829 372 895 At
387 850 429 893 ne
443 826 601 894 continuo
617 848 637 892 a
651 826 771 894 uostris
789 825 921 920 regibus
935 827 1105 916 recedam,
1118 829 1191 898 Sex.
1206 831 1289 898 Tar·

105 921 108 929 ¹
222 934 370 1031 quirius,
382 933 552 1025 Tarquinii
569 930 656 999 filius
667 930 689 1019 ¹,
703 930 835 1025 indigne
853 931 981 1020 ferens,
992 934 1083 1027 quod
1096 937 1200 1028 patris
1210 937 1288 1005 viri·

222 1041 284 1109 bus
302 1039 485 1133 expugnari
506 1037 605 1106 Gabii
623 1038 815 1131 nequirent,
834 1036 1047 1108 valentiorem
1067 1042 1167 1110 armis
1186 1065 1288 1112 exco-

224 1148 340 1241 gitavit
354 1146 536 1229 rationem,
555 1166 621 1237 qua
638 1144 857 1238 interceptum
873 1142 953 1213 illud
971 1146 1131 1241 oppidum
1149 1170 1305 1217 mmano¹

181 1337 184 1345 Ι
223 1253 362 1347 imperio
377 1250 542 1344 adjiceret.
559 1249 675 1318 Subito
692 1273 836 1347 namque
853 1273 888 1319 se
905 1251 947 1319 ad
965 1252 1113 1321 Gabinos
1131 1253 1288 1341 contulit,

224 1373 391 1452 tamquam
405 1357 552 1451 parentis
566 1357 722 1424 saevitiam
733 1370 766 1425 et
775 1356 914 1424 verbera
923 1354 947 1443 ²,
958 1380 1031 1450 quae
1044 1357 1215 1430 voluntate
1228 1384 1289 1429 sua

224 1488 398 1559 perpessus
420 1476 508 1549 erat,
523 1462 652 1556 fugiens
667 1488 677 1549 ;
690 1487 728 1531 ac
749 1461 905 1556 paulatim
927 1465 1184 1557 uniuscujusque
1203 1465 1288 1535 fictis

224 1586 257 1641 et
272 1571 462 1664 compositis
481 1567 647 1636 blanditiis
665 1567 837 1637 alliciendo
850 1568 1131 1657 benevolentiam,
1144 1585 1183 1639 ut
1199 1572 1290 1666 apud

224 1702 338 1746 omues
347 1676 527 1770 plurimum
540 1688 668 1768 posset,
681 1689 921 1768 consequutus,
935 1674 1128 1744 familiarem
1137 1700 1234 1746 suum
1246 1677 1290 1747 ad

224 1798 358 1878 patrem¹
368 1783 471 1868 misit,
487 1780 723 1865 indicaturum,
737 1781 1020 1875 quemadmodum
1034 1799 1159 1852 cuncta
1173 1788 1209 1853 iu
1223 1809 1291 1853 sua

226 1913 330 1958 manu
342 1888 502 1973 haberem
517 1901 550 1955 et
562 1888 792 1979 quaesiturum,
805 1879 970 1981 quidnam
970 1890 1060 1983 fieri
1070 1889 1180 1958 uellet.
1194 1893 1214 1958 J
1216 1913 1292 1960 uve

206 1996 283 2066 mili
298 1994 469 2065 calliditati
486 1992 594 2062 senilis
609 1995 728 2061 astutia
743 1993 920 2088 respondit.
938 1994 1104 2088 Siquidem
1121 2021 1157 2064 re
1170 1997 1292 2066 eximia

224 2102 405 2193 delectatam
420 2099 636 2192 Tarquinius,
655 2098 732 2169 fidei
751 2114 862 2168 autem
878 2102 985 2169 nuntii
1001 2124 1119 2196 parum
1136 2102 1292 2192 credens,

226 2208 306 2277 nihil
319 2207 489 2303 respondit
498 2232 508 2292 ;
518 2205 575 2275 sed
589 2191 742 2275 seducto³
753 2232 794 2275 eo
805 2207 839 2274 in
850 2207 997 2295 hortum,
1006 2208 1148 2276 maxima
1161 2223 1195 2277 et
1206 2208 1293 2279 altis-

225 2318 306 2385 sima
319 2338 521 2409 papaverum
535 2314 644 2406 capita
652 2312 771 2381 baculo
781 2312 934 2381 decussit.
946 2316 1089 2408 Cognito
1100 2313 1292 2400 adolescens

226 2421 354 2490 silentio
374 2421 478 2514 patris
496 2417 593 2487 simul
611 2443 650 2487 aa
671 2418 781 2505 facto,
799 2443 932 2488 causam
953 2418 1086 2488 alterius
1104 2423 1294 2514 argumenti

225 2513 407 2623 pervidit⁴;
417 2551 479 2594 nec
492 2526 658 2619 ignoravit
670 2525 803 2620 praecipi
818 2525 896 2610 sibi,
907 2539 967 2593 «ut
980 2524 1293 2596 excellentissimum

226 2656 389 2728 quemque
413 2632 619 2701 Gabinorum
642 2645 699 2700 aut
721 2630 833 2706 exsilio
856 2632 1086 2717 submoveret,
1104 2647 1162 2701 aut
1183 2648 1293 2703 morte

227 2752 444 2808 consumeret.
461 2768 478 2802 a
495 2740 586 2832 Ergo
607 2736 777 2831 spoliatam
801 2738 895 2806 bonis
918 2739 1220 2832 propugnatoribus
1242 2741 1293 2809 ci·

226 2850 361 2915 vitatem
381 2858 509 2913 tantum
532 2827 618 2912 non⁵
636 2846 756 2913 vinctis
772 2845 926 2912 manibus
946 2846 975 2912 ei
995 2844 1139 2913 tradidit.
1175 2859 1178 2867 '

283 2951 314 3022 3.
335 2951 424 3019 Illud
439 2975 571 3044 quoque
589 2936 822 3044 amajoribus⁶
836 2965 870 3019 et
888 2951 1024 3019 consilio
1044 2950 1241 3045 prudenter,
1259 2965 1296 3020 et

272 3165 329 3219 1.F
329 3165 392 3215 ilius.
400 3162 472 3214 Ml.
482 3160 639 3226 225,circit.
645 3161 739 3226 Liv.1;
784 3161 895 3230 degibus,
913 3174 939 3213 et
953 3160 1024 3214 aliud
1040 3163 1114 3232 quasi
1128 3161 1232 3234 agendo
1245 3180 1253 3216 t
1267 3176 1296 3216 et

229 3247 308 3298 Dion.
320 3245 369 3309 1V;
384 3243 455 3294 Flor.
469 3242 500 3306 I,
513 3259 547 3310 73
561 3241 653 3293 Front.
670 3241 700 3306 I,
716 3259 739 3294 1.
783 3259 830 3293 cur
843 3241 938 3292 nuntio
951 3241 1017 3292 nihil
1030 3244 1150 3313 responsi
1164 3241 1295 3308 dedisset,

229 3326 307 3377 Arist.
321 3322 436 3385 Polit.V,
453 3339 487 3372 1o
505 3320 589 3371 simile
607 3332 696 3372 narrat
706 3318 740 3372 de
783 3318 830 3372 sed
839 3321 978 3372 consilium
992 3340 1068 3373 snum
1082 3323 1119 3373 ita
1132 3323 1246 3376 texisset.

230 3402 383 3457 Periandro.
392 3433 432 3442 -
444 3399 527 3453 Gabii.
540 3400 610 3451 Latii
620 3400 719 3452 civitas.
825 3398 959 3451 offanum
968 3420 1023 3453 nou.
1035 3401 1094 3454 Hoc
1105 3403 1161 3454 solo
1170 3399 1295 3474 dempto,

272 3503 298 3536 a.
310 3483 424 3534 Verbera.
437 3480 493 3532 Hac
503 3479 646 3530 arteetiam
656 3481 742 3550 Zopy·
783 3477 855 3550 quod
863 3479 1027 3532 Gabinorum
1041 3501 1096 3533 non
1106 3495 1180 3534 erant
1189 3482 1295 3535 vinctae.

229 3583 289 3615 rum
305 3562 468 3633 Babylonem
479 3560 562 3612 Dario
575 3557 739 3630 prodidisse,
782 3559 835 3611 Alii
852 3572 979 3632 tamquam.
994 3562 1074 3614 Male.

229 3645 245 3695 J
247 3644 348 3696 ustinus
359 3641 448 3693 refert.
824 3644 850 3692 6.
871 3643 899 3692 A
912 3641 1048 3710 majoribus.
1070 3641 1212 3692 Nonnullae
1232 3639 1296 3695 edd.

272 3724 299 3775 3.
320 3721 431 3774 Seducto.
452 3721 484 3770 In
501 3720 591 3771 locum
610 3731 740 3771 secretum
782 3719 1228 3791 praepositionemaomittunt,non
1238 3740 1297 3774 ma·

230 3802 355 3857 abducto.
371 3802 406 3865 V,
424 3819 453 3868 9,
467 3799 639 3865 a;v111‚2‚
658 3799 684 3851 3.
782 3801 816 3853 le.
829 3801 896 3851 Nam
910 3799 1008 3851 dicitur
1024 3803 1082 3852 milti
1091 3805 1188 3870 provisa
1201 3821 1238 3852 res
1250 3813 1296 3853 est.

272 3888 298 3944 4.
320 3879 436 3934 Pervidr‘t.
450 3877 544 3931 Sensus
559 3891 598 3931 est
610 3897 616 3931 :
627 3879 739 3950 Tarqui·
784 3879 849 3931 vid.
866 3879 920 3931 Cic.
936 3879 1015 3932 Verr.
1032 3882 1082 3945 IV,
1098 3887 1144 3943 42.
1161 3879 1212 3933 Sed
1228 3900 1243 3931 a
1260 3899 1298 3931 me

231 3964 290 4015 nius
305 3961 376 4014 filius
391 3959 497 4032 penitus
511 3959 660 4030 perspexit,
676 3959 741 4030 quid
782 3963 942 4029 provisanon
951 3961 1039 4014 minue
1053 3974 1092 4014 est
1102 3962 1226 4032 probum.
1239 3959 1296 4013 Cic.

230 4056 305 4113 pater
316 4043 395 4094 vellet
404 4054 430 4093 et
439 4039 594 4110 praeciperet
603 4043 681 4091 tacitis
689 4059 741 4091 am·
784 4037 818 4092 ad
831 4041 934 4109 Att.11,
952 4060 976 4109 1.
